4100 6109
810 434 936 497 Pultl.
1611 442 1668 493 tot

106 578 202 661 ρίριις,
216 577 252 633 λδ
264 570 310 632 καί
319 571 414 651 μίτρον
427 570 525 643 κοτύλη
536 577 568 629 V.
579 570 625 629 καί
635 568 739 647 μέλιτος
749 568 861 638 κοτύλην
903 557 975 623 εἶπεν
986 570 1000 625 δ
1013 566 1069 631 θεὸς
1085 570 1118 624 V.
1135 571 1205 643 iirg.
1223 564 1383 646 προηροσίαν
1394 570 1426 624 V.
1438 586 1584 645 αροηροσια
1599 568 1667 621 Sui-

106 675 193 744 Etym.
207 670 245 723 Μ.
257 684 280 719 s.
297 663 441 742 Είρτσιωνη
455 681 482 737 p.
497 663 564 733 303,
580 679 628 732 ογ,
638 671 668 716 et
682 657 811 715 Eustath.
826 656 863 713 ad
902 652 1037 735 dessipit
1048 652 1162 735 εἰρεσίαν
1175 654 1239 711 Aid.
1252 656 1449 731 ποιῆσαιίί.τῇ
1463 657 1529 724 Δηοῖ
1538 652 1668 711 additum

107 759 215 813 iiomer.
229 771 258 829 p.
279 752 368 819 1283,
379 750 429 825 qui
441 748 546 807 deinde
566 746 647 826 ἐλαίιρ
662 743 862 825 ίπικρήσασθαι.
902 760 939 798 ex
955 742 1057 803 Suidrt.
1080 746 1157 799 θῦσαι
1169 738 1227 805 τοῦς
1242 745 1292 799 dd.
1303 739 1370 821 {reip
1385 739 1500 800 πόντων.
1513 738 1560 798 καί
1570 739 1668 811 ταύτην

104 840 285 919 ἀκορήοααθαι
298 841 344 906 V.,
355 836 459 894 suidas
472 848 502 892 et
514 840 607 910 Etym.
622 840 663 894 Μ.
675 831 864 913 ῦτοψήσασῦαι
901 826 950 899 τὴν
963 828 1114 910 εἰρεσιώνην
1128 827 1255 895 ἐποίησαν
1268 827 1346 887 οίοτιλ
1365 829 1471 887 πίντων
1489 830 1542 885 τῶν
1559 830 1668 907 καρπῶν

106 929 159 986 ΑΜ,
170 922 355 1003 ostreum«
367 923 443 981 Piut.
454 927 490 981 V.
503 922 606 979 Thesei
619 942 648 999 p.
664 940 709 991 10,
725 926 759 991 B,
772 919 863 977 schol.
903 917 1025 998 ἀπαρχάς
1044 924 1114 996 Reg.
1124 955 1155 967 -
1168 920 1204 985 45
1228 916 1310 985 οὕτως
1327 917 1476 989 Ἀθηναίους
1490 924 1523 977 tt.
1543 914 1615 975 ἔναιε
1631 919 1665 978 Θ.

105 1015 137 1075 ad
146 1012 241 1090 Equit.
257 1010 431 1085 7⁴15,Ciem.
445 1008 528 1067 Alex.
545 1014 653 1068 Strorn.
670 1017 697 1079 1,,
711 1028 742 1086 p.
757 1007 862 1065 566.-
903 1007 1000 1083 Pergit
1017 1007 1143 1083 Regius:
1157 1005 1232 1063 ἄλλοι
1244 1004 1273 1063 δέ
1290 1027 1368 1086 φασιν
1384 1006 1419 1070 ὡς
1435 1006 1528 1082 λοιμοῦ
1541 1026 1606 1063 ποτε
1627 1006 1669 1063 is·

107 1100 220 1177 396er
229 1100 288 1175 μεθ.
298 1098 412 1157 suidas.
423 1095 525 1172 μιθόων
538 1098 576 1156 Θ.
589 1094 703 1153 Deinde
715 1092 866 1168 legebatur
904 1092 1054 1174 σκήψαντος
1067 1090 1226 1164 Ἀθηναίοις,
1239 1090 1349 1158 ίκαστος
1364 1092 1416 1172 πρδ
1429 1094 1482 1150 τῶν
1491 1094 1575 1173 θυρῶν
1586 1088 1668 1161 ἔστη-

105 1185 299 1264 καθιόδῃςτυιο
308 1185 407 1245 Suida.
420 1190 565 1243 Mutatum
576 1202 612 1241 ex
621 1182 756 1243 schoi.ad
765 1182 864 1257 Equit.
904 1204 953 1241 σαν
965 1180 1116 1261 ιίρισιιίνιις
1127 1182 1163 1248 τίς
1178 1180 1331 1261 ἀποτροπήν
1347 1184 1393 1239 τοῦ
1404 1181 1507 1257 λοιμοῦ.
1522 1177 1567 1239 καλ
1581 1178 1671 1251 edos-

108 1282 136 1333 in
150 1279 241 1349 Etym.
260 1270 307 1329 καί
315 1268 403 1329 κύλικ’
412 1268 525 1351 αλζόιροι
534 1268 606 1328 οίνου
619 1268 753 1346 μιθόουσα
766 1266 864 1327 καθοί-
890 1292 946 1341 Ινιν
962 1272 999 1336 τίς
1012 1269 1140 1329 ἐνιαυτόν.
1158 1268 1191 1340 ἣν
1208 1268 1254 1327 καί
1276 1268 1445 1349 Εηρανθιῖσαν
1465 1266 1547 1325 πόλιν
1563 1266 1670 1334 κατίτος

107 1367 149 1425 διι.
164 1363 320 1439 Sequentia
330 1360 421 1419 habet
436 1365 508 1438 neg.
528 1396 554 1409 -
564 1371 604 1429 qo
620 1360 755 1435 ιίρισιιῖκαρ
771 1357 867 1424 κλάδος
904 1358 987 1417 insist
998 1357 1090 1436 ίτίραν
1103 1358 1277 1437 χλοιίζουσαν.
1289 1394 1321 1408 -
1333 1367 1370 1433 49
1386 1356 1472 1437 Ἡλίῳ
1484 1354 1528 1415 καί
1540 1356 1670 1414 abeunte

108 1456 138 1509 V.
149 1458 216 1527 fleg.
231 1447 322 1515 disin<
335 1446 405 1525 ἔχων
417 1446 495 1527 ἄρτον
506 1446 682 1526 ἐξηρτημένον
693 1447 739 1506 καλ
752 1445 866 1516 κοτύλην
905 1447 1016 1503 eunctis
1025 1446 1090 1505 edd.
1101 1445 1219 1505 suidam
1237 1444 1395 1504 rescribere
1408 1446 1569 1503 scholiasta
1579 1443 1671 1521 jussi,

108 1538 196 1597 ἐλαίου.
205 1536 333 1616 termo
341 1539 376 1595 V.
387 1541 461 1607 Qnre
472 1556 508 1593 ex
520 1535 631 1593 seitoiio
639 1535 791 1612 superiore
798 1546 867 1592 sont
905 1534 984 1611 qnod
1002 1534 1046 1592 iili
1059 1548 1209 1612 acceptum
1227 1534 1331 1592 tulerat
1346 1556 1353 1591 ι
1373 1533 1528 1591 coneordat
1539 1533 1670 1590 scholion

109 1628 186 1685 iliata.
195 1662 227 1673 -
240 1635 279 1693 ήο
294 1626 375 1681 αῦτοῦ
389 1635 456 1699 post
464 1624 551 1703 ὡραῖα
564 1624 695 1699 possiti).
712 1620 758 1681 καί
771 1625 819 1702 sp.
830 1627 865 1682 V.
905 1626 942 1685 ad
951 1626 1050 1703 Equit.
1064 1646 1093 1685 v.
1105 1624 1162 1697 725
1176 1646 1183 1681 ι
1196 1622 1355 1705 Πυανιψίοις
1364 1624 1409 1683 καί
1416 1622 1577 1704 Θαργηλίοις
1586 1621 1671 1701 Ἡλίῳ

108 1752 136 1767 ...
148 1723 183 1779 qn
195 1710 311 1769 παλαιόν
329 1712 365 1771 Θ.
379 1721 409 1767 et
431 1708 545 1769 Suides.
562 1708 595 1767 τδ
606 1709 721 1768 παλαιδν
737 1710 801 1771 Αίό.
820 1709 866 1769 τδν
906 1712 952 1771 καὶ
963 1711 1066 1793 Ὥραις
1086 1712 1253 1793 ίορτιίζοοσιν
1275 1710 1428 1783 Ἀθηναῖοι·
1448 1728 1543 1787 neque
1558 1708 1612 1767 aliu
1629 1722 1672 1766 est

108 1804 166 1859 ταλ.
183 1805 252 1875 neg.
270 1795 385 1857 παλαιόν
408 1820 436 1855 τι
453 1797 545 1855 scitoi.
565 1797 603 1855 od
624 1798 722 1874 liquit.
744 1795 866 1878 χρησμόν
905 1798 1121 1872 ήἎθήνησινίτι
1132 1799 1178 1859 καί
1191 1804 1238 1859 νῦν
1249 1796 1474 1879 δρωμίνηπομττλ
1489 1794 1671 1856 ‘ditissimi

110 1898 169 1964 Reg.
181 1901 210 1945 et
221 1886 334 1947 suidas.
351 1887 387 1952 ὡς
402 1887 482 1961 λιμοῦ
498 1886 534 1947 Θ.
554 1890 626 1962 ueg.
638 1884 703 1944 Atd.
724 1887 760 1951 ὡς
773 1886 868 1963 λοιμοῦ
905 1885 997 1967 Ὦρῦν
1014 1888 1093 1965 apud
1111 1888 1256 1965 Porphyr.
1281 1884 1347 1967 Περί
1363 1885 1401 1945 Ἀ.
1414 1884 1456 1946 Ἔ.
1469 1886 1531 1961 Z·§
1555 1904 1583 1955 7.
1601 1888 1673 1943 Sunt

110 1982 141 2034 tt.
150 1974 189 2033 ότι
197 1976 292 2051 λοιμοῦ
304 1978 337 2035 V.
350 2010 382 2021 -
394 1976 431 2041 43
443 1970 506 2031 οίδί
517 1972 565 2032 καὶ
579 1972 621 2032 ότι
629 1974 724 2050 λοιμοῦ
731 1994 768 2032 οι
778 1975 867 2031 schol.
905 1988 1002 2034 autem
1015 1974 1051 2034 τόν
1064 1972 1307 2057 προκατιιλτγμίνα
1320 1970 1468 2053 ἀκρόδρυα,
1479 1992 1544 2049 quae
1553 1970 1672 2029 librario

109 2064 246 2141 squuit.
260 2060 374 2119 addidit
395 2062 611 2138 Hemst,oujus
630 2062 693 2119 iure
713 2074 758 2121 est
772 2082 867 2120 anno-
906 2063 1050 2122 debentur
1063 2063 1222 2141 pleniorem
1242 2058 1565 2138 descriptionemque
1586 2078 1673 2135 supe-

111 2153 176 2208 ratio
188 2172 195 2205 :
209 2149 406 2209 «Orationem
426 2168 484 2205 non
508 2148 577 2207 satis
592 2149 733 2226 quadrare
753 2150 869 2226 perspi·
906 2151 1033 2209 rioribus
1047 2164 1111 2209 erat
1131 2149 1250 2221 similis,
1272 2147 1429 2221 recidenti,
1444 2168 1519 2219 non,
1532 2152 1583 2203 ilio
1592 2150 1674 2222 prius

110 2258 188 2295 enum
204 2248 266 2294 est:
286 2256 354 2293 nam
372 2239 396 2293 oi
419 2234 468 2313 qais
482 2233 534 2317 γὰρ
550 2237 652 2314 utique
674 2238 768 2315 poscit
785 2239 810 2295 oi
826 2236 869 2308 δὲ,
906 2242 1121 2319 electasmgrsm
1130 2260 1254 2317 gerrem,
1269 2252 1302 2298 ut
1316 2238 1441 2297 Meursio
1452 2238 1551 2297 Latine
1561 2250 1674 2295 vertere

111 2325 183 2403 quod
202 2324 259 2382 sibi
282 2324 474 2401 respondeat,
482 2318 525 2381 ‘et
539 2326 708 2383 sententiam
727 2324 868 2401 integram
908 2330 1017 2408 piaouit
1028 2330 1060 2389 in
1072 2327 1229 2411 Πυανίψια,
1243 2328 1292 2387 sed
1305 2341 1373 2385 ante
1385 2332 1512 2384 recensiri·
1522 2344 1673 2383 enumera—

111 2423 290 2471 eonsutnmet.
302 2412 405 2470 Suidas
417 2410 534 2488 quidem
545 2412 648 2471 eodem
657 2413 779 2472 laborat-
787 2413 870 2485 vitio,
907 2425 983 2494 rique
983 2421 1099 2493 fructas
1109 2416 1228 2475 arbutei.
1240 2418 1352 2475 Hense.
1365 2452 1396 2465 -
1409 2414 1445 2471 52
1459 2410 1486 2471 δί
1504 2410 1674 2494 χαριστήριον

111 2500 161 2559 hoc
174 2511 285 2559 tanussn
299 2498 447 2570 diversus,
459 2500 538 2577 quod
552 2500 615 2557 viee
631 2501 712 2577 λιμοῦ
722 2499 815 2577 λοιμδν
824 2501 869 2557 in·
907 2519 938 2564 et
947 2508 1044 2583 λοιμοῦ
1060 2507 1098 2566 Θ,

112 2587 209 2645 duest:
224 2606 321 2663 neque
331 2586 361 2644 id
371 2589 475 2645 mirum
485 2600 530 2647 est
544 2587 575 2645 in
592 2600 649 2647 tam
665 2588 810 2666 frequenti
819 2608 870 2647 vo-
952 2594 1046 2665 1055,
1061 2614 1081 2669 9
1096 2590 1242 2651 όκολααίαν
1253 2594 1289 2649 Θ.
1304 2594 1366 2673 ‘Ui
1379 2600 1530 2649 structure
1546 2588 1630 2646 simui
1645 2601 1674 2646 et

112 2679 149 2735 eis
165 2678 316 2753 utriusque
341 2677 571 2754 permutatione,
597 2676 681 2754 euius
704 2680 870 2757 exemplum
908 2682 1058 2740 sententie
1081 2682 1215 2753 satisfiat,
1232 2698 1341 2758 repone
1352 2677 1618 2751 ζητοῦσαν·.τσί1ἰοαῑ
1628 2676 1675 2747 τὴν

113 2764 212 2842 praebet
223 2766 251 2821 in
265 2765 322 2823 iioe
333 2766 398 2842 ipso
412 2762 562 2844 τίρισιόινης
579 2767 701 2825 articulo
712 2768 778 2826 eod.
786 2772 869 2827 tea·
908 2775 1000 2851 γραῦν.
1015 2796 1028 2821 ι
1038 2773 1151 2829 Ηαιιττ.
1161 2804 1193 2818 -
1205 2788 1217 2825 ι
1227 2788 1239 2825 ι
1250 2764 1401 2847 ιιαῑξαιγδρ
1410 2764 1441 2824 τὸ
1451 2773 1547 2824 παῖσαι
1557 2769 1592 2822 V.
1605 2770 1676 2823 Cor-

114 2866 207 2925 etus,
217 2852 333 2931 quippe
346 2854 414 2929 qui,
429 2852 479 2911 ubi
494 2854 582 2931 pauio
595 2866 663 2912 aute
676 2854 813 2915 scribitur
825 2853 870 2913 tut
909 2866 1017 2916 rectum
1028 2878 1065 2915 ex
1077 2862 1112 2915 G.
1124 2892 1156 2905 -
1171 2876 1205 2915 ιο
1221 2854 1293 2915 παίω
1306 2860 1342 2913 G.
1359 2852 1433 2913 παίω
1451 2854 1507 2913 test
1526 2861 1621 2913 παῖσαι
1643 2859 1674 2911 V.

113 2942 241 3019 ἀποτροπῇ
261 2940 365 3016 λοιμῶν
379 2940 409 2997 io
430 2939 507 3013 edd,
521 2942 632 3017 λιιμῦν,
648 2941 678 2999 id
694 2954 754 3014 est,
769 2943 871 3020 λιμιῦν,
909 2950 997 3023 δορα
1016 2943 1057 3004 Ti
1076 2952 1172 3003 τιαῑσαι
1185 2943 1242 3003 lert
1264 2940 1312 3020 pis
1326 2940 1372 3000 καί
1393 2940 1453 3001 (issi
1463 2944 1510 3000 τοῦ
1528 2938 1609 3021 uidet
1624 2940 1676 2999 ἀπὸ

114 3041 141 3085 ut
155 3025 222 3085 aiibi
235 3047 355 3104 quoque
367 3029 454 3099 soiet,
469 3030 616 3105 praeierat3
626 3030 707 3107 quod
715 3048 782 3089 eum
793 3034 870 3087 Pau-
908 3036 955 3091 τοῦ
966 3032 1055 3097 παίω·
1068 3030 1124 3091 ίστι
1137 3029 1165 3089 di
1181 3030 1226 3091 καί
1239 3030 1297 3088 ἀντὶ
1307 3035 1353 3089 τοῦ
1366 3028 1472 3101 παῖξαι,
1489 3031 1525 3095 ὥς
1543 3030 1654 3087 ἐνταῦθα
1666 3072 1675 3100 ,

113 3115 182 3171 saoia
191 3114 413 3192 congruitapud
424 3116 554 3173 Eustath.
565 3136 593 3194 p.
607 3119 692 3191 radi,
708 3137 751 3176 ιι.
762 3122 870 3176 Verum
910 3120 964 3180 dei
972 3119 1122 3189 τοῦταίζω·
1130 3110 1182 3177 οῦδ
1193 3116 1297 3196 μέλλων
1306 3116 1396 3177 παίσω
1404 3116 1449 3175 καί
1458 3115 1675 3197 δωρικῦςπαίξω.

113 3203 264 3261 sciroiiastae
276 3216 378 3260 nostro
389 3202 415 3259 si
426 3202 549 3261 alterum
562 3206 647 3263 etiam
661 3206 766 3263 horum
782 3224 869 3264 voea-
954 3211 1039 3283 1056,
1056 3216 1089 3276 ri
1104 3204 1186 3272 οίντως
1200 3202 1227 3267 di
1238 3211 1285 3277 V.‚
1304 3207 1355 3283 qui
1370 3206 1426 3263 hoc
1450 3206 1581 3264 scholion
1602 3206 1675 3263 iussn

114 3290 240 3349 boiorum
257 3290 412 3348 commode
425 3291 578 3349 suffultum
593 3292 712 3365 reddas,
726 3294 872 3371 integrita·
911 3296 1036 3375 ponitad
1049 3316 1078 3357 v.
1097 3295 1171 3369 1057
1192 3306 1258 3372 post
1278 3292 1348 3373 ἔχων
1363 3294 1390 3352 is
1410 3298 1443 3370 τῇ
1457 3291 1527 3375 χειρί
1543 3295 1561 3352 Ι.
1577 3313 1624 3365 ²7·
1638 3324 1676 3337 -

115 3390 166 3437 tem
178 3378 359 3437 reddideris:
372 3380 398 3435 οἱ
410 3378 459 3455 μὲν
473 3378 525 3460 γάρ
536 3401 616 3458 φασιν
626 3382 680 3452 ,ὥς
692 3382 781 3457 λιμοῦ,
794 3379 872 3452 otti,
915 3384 949 3441 15
963 3380 1144 3465 παροξυτόνως
1158 3384 1251 3445 etiarn.
1265 3380 1371 3445 Suidas,
1382 3401 1405 3439 s.
1419 3381 1528 3440 Παιδία.
1550 3378 1676 3449 ὀξυτόνως

113 3469 144 3531 ts<
160 3469 252 3543 λοιμοῦ
266 3474 357 3524 πᾶσαν
376 3464 425 3537 τὴν
441 3469 492 3542 γῆν
515 3467 694 3547 κατασχόντος
714 3481 770 3529 ete.
788 3471 871 3528 eoos.
889 3497 895 3600 γ
911 3473 974 3530 Δίιί.
985 3472 1110 3552 Etymoi.
1124 3476 1164 3529 M.
1181 3491 1210 3548 p.
1225 3468 1300 3542 657,
1314 3468 1351 3526 50
1361 3490 1369 3526 ε
1380 3467 1422 3529 ‘l'd
1435 3468 1485 3549 γδρ
1504 3477 1632 3547 σημαῖνον
1645 3468 1676 3527 τδ

114 3568 303 3613 enarratorem
315 3555 451 3631 Equitum
464 3576 493 3613 ν.
505 3555 573 3627 725,
585 3558 636 3635 qui
650 3556 766 3615 disertis
776 3556 873 3615 verbis
911 3560 1032 3638 παίγνιον
1047 3558 1091 3619 ut
1100 3563 1147 3618 τοῦ
1158 3582 1167 3616 ι
1178 3556 1324 3638 γρίριται·
1341 3554 1386 3615 καί
1400 3556 1539 3635 παρ’ἡμῑν
1553 3554 1602 3634 μὲν
1612 3556 1674 3625 ὀξί-

115 3644 208 3702 seribit
219 3665 227 3700 s
240 3646 266 3701 οί
277 3640 328 3720 μὲν
339 3641 391 3723 γάρ
404 3665 503 3725 ρασιν,
517 3642 558 3702 ότι
570 3646 666 3721 λιμοῦ,
678 3648 704 3703 οἱ
717 3643 760 3715 di,
775 3643 816 3704 ότι
826 3644 872 3704 καί
911 3670 1001 3721 νιται,
1014 3640 1069 3707 οἷον
1080 3646 1192 3705 παιδιαί·
1206 3644 1279 3724 παρδ
1292 3640 1320 3702 δί
1331 3650 1385 3709 τοῖς
1401 3641 1545 3714 Ἀθηναίοις
1563 3642 1675 3724 βαρύνο-

115 3733 201 3805 λοιμοῦ
219 3728 269 3802 τήν
287 3738 376 3789 πᾶσαν
392 3729 572 3809 κατασχόντος
593 3732 764 3809 οῦιουμίνην·
785 3735 873 3811 idque
911 3726 1038 3808 ται,οἷον
1056 3734 1161 3792 παιδία.
1183 3732 1258 3791 Vide
1270 3732 1437 3790 Athenteuur
1456 3752 1472 3803 7
1487 3751 1537 3809 ,p.
1557 3733 1630 3805 323,
1643 3738 1674 3789 C.

117 3839 207 3877 νοτιιιυ
219 3832 265 3879 est
278 3819 333 3897 [lo
348 3820 405 3879 fine
413 3840 478 3895 quse
490 3822 593 3897 postoi
611 3819 660 3897 μίν
672 3821 874 3881 desiderantur
913 3822 955 3881 tb.
968 3826 1086 3901 παιγμοῦ
1097 3824 1133 3880 Θ.

116 3908 189 3965 addit
199 3907 324 3985 Regius,
336 3906 373 3965 de
386 3926 446 3983 quo
459 3907 525 3966 vide
533 3908 570 3966 ad
584 3910 605 3966 Ι.
621 3910 669 3978 45.
687 3914 717 3967 F.
732 3910 873 3987 D.];nam
956 3912 1029 3981 1057
1052 3909 1110 3967 hoe
1121 3906 1223 3966 ordine
1245 3907 1275 3963 in
1289 3902 1413 3978 V.,'dsri
1429 3908 1476 3963 τοῦ
1488 3902 1625 3964 πόσα-ἐν
1642 3909 1675 3985 τῇ

115 4009 145 4053 ut
153 3994 377 4076 Cratesdpopins,
387 3996 448 4058 sive
458 3996 634 4055 sterilitatem
643 4010 795 4075 ortamque
804 3999 873 4059 inde
910 3996 989 4079 χιιρί.
1012 3997 1071 4056 ἀντὶ
1094 4001 1140 4055 τοῦ
1167 3994 1249 4053 sistris
1274 3991 1345 4051 πόσα
1358 3992 1452 4072 ’κάρυα
1475 3991 1558 4071 ἔχεις,
1580 3991 1676 4059 πόσους

117 4082 212 4139 [omem
231 4082 308 4139 sacri
328 4080 448 4139 deorum
476 4083 586 4140 monitu
606 4084 730 4141 instituti
758 4105 873 4145 cauum
911 4084 1017 4149 ὀδόντας
1030 4082 1100 4163 ἱχτις
1112 4072 1184 4141 tinas
1196 4084 1231 4146 ὡς
1243 4079 1306 4161 πρὸς
1315 4086 1406 4161 γραῦν.
1418 4077 1505 4147 παίζει
1515 4076 1543 4137 δὲ
1554 4079 1627 4146 εἰδὼς
1635 4080 1675 4139 ότι

117 4170 196 4227 fuisse
208 4169 302 4237 dixit,
313 4169 356 4227 sic
368 4182 470 4227 contra
483 4174 625 4247 Harpocr.
636 4172 666 4228 iu
679 4170 787 4251 Ἀόαρις
797 4196 804 4230 :
816 4175 873 4231 λοι·
912 4172 1012 4254 desipit
1023 4170 1127 4239 δξίλιπι
1139 4172 1192 4227 τῶν
1205 4166 1326 4227 ὀδόντων.
1342 4188 1410 4226 -aa
1421 4168 1465 4227 καὶ
1478 4169 1592 4249 περισσὰ
1603 4174 1673 4247 Reg.

118 4261 163 4333 μῶ
175 4256 279 4337 δίρασι
296 4252 364 4314 κατδ
381 4265 470 4315 πᾶσαν
487 4255 536 4327 τήν
550 4257 707 4333 οἰκουμίνην
727 4258 871 4337 γεγονότος.
911 4259 996 4340 κάρυα
1007 4250 1080 4318 εἶπεν
1091 4258 1148 4316 ἄντί
1161 4262 1207 4315 τοῦ
1218 4257 1282 4315 ΔΙιί.
1292 4294 1323 4307 -
1335 4258 1372 4315 ai
1386 4255 1487 4337 ίχωλῦ.
1503 4262 1538 4317 V.
1550 4260 1585 4316 θ.
1595 4294 1627 4305 -
1638 4262 1673 4315 τό

118 4344 175 4401 Pari
189 4342 248 4401 iere
259 4344 348 4402 modo
361 4345 467 4404 AEacus
479 4356 575 4403 aruum
591 4346 712 4416 samem,
732 4367 768 4405 an
787 4351 873 4425 pesti·
911 4348 1027 4407 ἀποτίνει
1036 4348 1071 4407 Θ.
1083 4359 1112 4405 et
1125 4344 1235 4405 suidas.
1243 4343 1372 4402 dicessisti
1385 4348 1418 4401 tt.
1429 4348 1464 4400 v:
1474 4344 1627 4402 Aidioru.
1637 4346 1673 4404 Θ.
1759 4398 1764 4403 .

117 4430 225 4489 ieotiam
245 4430 385 4509 precibus
401 4452 457 4509 pro
474 4434 610 4491 uniuerso
633 4440 798 4494 Graeoorum
814 4457 872 4514 po-
955 4434 1273 4511 1059,31.Ducangius
1285 4434 1313 4489 in
1326 4440 1401 4510 App.
1416 4454 1424 4489 ι
1437 4432 1459 4490 Γ
1459 4431 1588 4505 ωνιακδν,
1616 4434 1671 4489 Cu-

119 4518 181 4592 puio
203 4520 355 4595 conceptis
376 4522 598 4593 auerruncarit,
625 4523 765 4582 incertum
792 4538 836 4582 est
863 4547 872 4581 ι
911 4546 988 4597 oeus,
1000 4528 1110 4605 γόμφος,
1123 4527 1213 4582 Gallis
1224 4542 1263 4580 un
1275 4522 1355 4580 Coiu.
1367 4524 1473 4577 Glossre
1484 4526 1673 4579 interlineares

119 4624 273 4681 quanquam
294 4608 390 4683 piures
399 4606 503 4685 αῦχμδν
512 4621 543 4665 et
553 4609 686 4691 ἀκαρπίαν
696 4632 871 4670 commemo-
912 4616 1000 4669 MSS.
1019 4618 1048 4668 in
1070 4612 1264 4687 Aristophanis
1286 4611 1400 4665 Plutum
1420 4628 1429 4661 :
1450 4604 1495 4664 ίνα
1518 4605 1569 4687 γὰρ
1594 4612 1673 4683 μόνον

120 4705 190 4763 rant,
204 4693 343 4753 Liberius
359 4707 454 4752 tauten
470 4697 550 4753 Deci.
572 4698 599 4768 3,
618 4716 647 4775 p.
666 4701 723 4765 243
734 4742 744 4769 ‚
756 4702 779 4757 B
789 4722 796 4755 :
807 4701 874 4777 αλχῇ
911 4698 1021 4780 γόμφων
1035 4706 1124 4779 φορεῖ,
1136 4692 1273 4773 γωνιακόν.
1292 4695 1370 4768 Quid
1388 4696 1470 4751 cunei
1490 4696 1596 4753 ruentio
1617 4698 1674 4755 huo

119 4780 158 4835 τὸν
168 4781 258 4856 λοιμὸν
269 4778 372 4839 livosa:
385 4782 443 4853 Qui
454 4783 597 4841 dissensus
610 4786 785 4862 scriptorum
796 4786 874 4845 haud
913 4788 1012 4858 iaciat,
1024 4805 1082 4842 non
1094 4785 1180 4843 video
1196 4783 1349 4841 :dicuntur
1362 4783 1437 4840 euim
1453 4782 1481 4840 isi
1505 4782 1621 4854 dentes,
1642 4800 1677 4855 ut

121 4868 278 4945 infrequens
290 4890 349 4928 non
363 4871 429 4928 ideo
442 4871 535 4928 sotum
546 4872 670 4929 invaluit
680 4914 689 4943 ‚
701 4874 769 4950 quia
782 4874 874 4933 literae
912 4894 1014 4933 revera
1026 4885 1113 4944 sunt,
1127 4879 1261 4950 γωνιαῖοι,
1276 4868 1416 4947 γωνιακοί,
1431 4890 1496 4947 quae
1520 4872 1610 4931 forma
1625 4894 1672 4932 re-

121 4976 218 5015 vocum
230 4978 331 5017 earum
340 4978 425 5035 quarn
435 4960 586 5017 minimum
598 4961 672 5025 inter
683 4959 874 5036 sedifferunt,
912 4954 1048 5021 een'tioris
1064 4962 1136 5032 evi,
1158 4959 1421 5037 quasi'unguiares,
1444 4959 1491 5015 vei
1512 4962 1649 5037 augularii
1666 4986 1671 5020 :

120 5044 165 5101 seri
187 5046 264 5122 quod
283 5046 408 5103 numinis
422 5047 472 5103 irae
485 5048 704 5105 commissorum
724 5068 822 5125 {mnas
836 5050 874 5109 ab
912 5050 954 5110 sie
973 5056 1096 5127 γωνιαῖον
1118 5060 1201 5106 vetus
1222 5046 1427 5107 Onosntaticou
1450 5046 1672 5124 interpretatur3

122 5131 239 5190 Ιιιιιυαιιο
267 5152 373 5210 genere
399 5136 561 5210 expetentis
586 5149 741 5212 utrumque
766 5137 873 5197 maium
912 5138 1000 5215 idque
1013 5136 1186 5195 vocabulum
1204 5136 1305 5194 ieviter
1318 5134 1347 5191 in
1369 5133 1512 5208 Hesychio
1526 5134 1669 5213 deprava-
1794 5177 1796 5181 -
1900 5128 1903 5139 ⁸

120 5232 193 5293 sepire
204 5220 400 5309 attribuerent.
412 5249 424 5271 ι
438 5220 481 5279 ib.
492 5226 542 5299 γῆν
553 5223 730 5302 κρατήσαντος
744 5228 780 5283 R.
793 5262 822 5301 ·:
833 5234 867 5294 [γ’.
915 5240 974 5286 tum
988 5248 995 5280 ε
1014 5226 1169 5303 liquem
1177 5269 1185 5297 ,
1194 5226 1218 5281 οί
1230 5224 1352 5305 γωνιαροί
1364 5220 1437 5279 λίθοι,
1454 5226 1563 5280 Hense.
