4100 6109
343 472 398 523 ¹⁵⁶
612 522 616 528 ,
910 447 1101 509 sefloLlA
1130 448 1169 505 ΙΝ
1196 448 1371 508 vEsPAs.

379 612 429 653 αις,
461 590 490 650 τὸ
509 597 598 669 σκῖρον
617 584 768 657 ἐξεδήδοκεν
785 602 791 643 :
806 582 902 661 Σκῖρον
920 579 951 639 τὸ
966 580 1082 661 βυπῦιδες
1095 577 1124 638 τὸ
1169 606 1181 629 ι
1194 578 1282 655 μέντοι
1295 579 1423 651 Ἀθηναῖοι
1433 579 1565 639 αὑτοῦκαὶ
1575 580 1663 658 γένους
1672 583 1809 664 ἀειφυγίαν
1818 587 1931 666 κατέγνω.

340 678 385 737 ἐς)
395 681 448 738 τῶν
460 679 554 753 τυρῶν,
566 678 601 741 ώς
614 672 732 738 Εὔπολις
746 672 845 749 Χρυσῷ
858 668 926 746 γένει
940 694 950 719 ι
966 666 1056 733 λοιπὸς
1069 664 1121 745 γθρ
1168 693 1180 716 ε
1193 688 1252 738 σαν,
1262 664 1426 747 προδιδόντος
1435 666 1483 738 τὴν
1495 666 1628 746 Ἑλλάδα,
1638 669 1799 743 καῖαύτσῦὴ
1811 674 1930 749 οὐσίαέδη·

343 794 354 820 ι
369 765 460 832 οὐδείς.
472 762 596 845 τροφαλῖς
610 760 695 831 ἐκείνη
711 760 749 839 ἀφ’
765 756 834 837 ὑδωρ
851 754 950 835 βαδίζει
964 762 1053 835 σκῖρον
1065 757 1121 830 ήμ-
1143 791 1147 818 s
1167 782 1180 805 ι
1196 752 1289 831 μεύθη.
1303 780 1314 807 ι
1376 749 1486 821 1Ἄλλως.
1499 756 1663 830 Θουκυδίδης
1676 760 1812 831 Μελησίαν
1825 762 1874 831 υίῖς
1888 768 1931 826 [ῖς.

342 850 505 935 «φιεσμίνη.
524 878 536 903 ι
556 848 608 908 ἀπὸ
626 844 719 907 τούτου
741 844 785 905 καῖ
806 844 840 903 τθ
860 842 920 902 λίαν
938 840 1123 923 προσεχόμενα
1144 825 1148 881 l
1168 844 1252 922 ρικλεῖ
1262 842 1546 921 ἀντιπολιτευσάμενος.
1556 843 1682 925 τέσσαρες
1693 846 1783 906 δέεῖσι
1792 851 1934 912 θωκυδίδαι

316 950 328 987 ιι
341 943 525 1021 ξςςσχςρῶσθαι
536 936 661 1014 λέγεται.)
1143 885 1148 991 ί
1168 929 1312 1003 Ἀθηναῖοι,
1323 934 1338 988 θ
1348 929 1547 1011 ἱστοριογράφος
1554 933 1600 991 καί
1610 937 1623 991 ὁ
1633 934 1795 1015 Γαργήττιος
1803 938 1847 995 καῖ
1857 943 1932 999 θθιτ-
1944 971 1954 1003 ς

384 1030 453 1105 (ωε).
475 1024 534 1101 ἐμοὶ
544 1023 572 1081 δέ
580 1025 604 1101 γ’
615 1023 662 1081 οἰκ
673 1020 727 1079 ἔστ’
739 1040 747 1080 2
757 1015 823 1081 Ὀτι
832 1017 936 1097 λέγεται
947 1014 993 1075 καῖ
1004 1020 1039 1093 γῆ
1050 1037 1124 1094 σκιρ·
1167 1017 1245 1085 ταλὸς
1258 1017 1305 1075 καί
1321 1009 1395 1085 οὗτος
1409 1018 1496 1099 ῥήτωρ
1511 1020 1616 1102 ἀριστος
1632 1023 1779 1101 τυγχάνων,
1793 1022 1821 1091 δς
1833 1049 1935 1105 κατηγο-
2016 1011 2017 1018 ¹

343 1113 402 1195 μὰς,
412 1111 492 1183 λευκή
505 1134 543 1178 τις
559 1112 605 1189 [ὡς
615 1108 722 1189 γνόφος),
735 1106 781 1167 καῖ
793 1106 886 1177 Ἀθηνᾶ
899 1101 1026 1184 Σκιρρῖις,
1039 1102 1078 1162 ότι
1090 1107 1123 1180 τῇ
1145 1143 1148 1156 ·
1170 1105 1254 1185 ρηθεῖς
1263 1108 1290 1163 έν
1301 1108 1338 1185 τῷ
1348 1106 1461 1174 δικάζειν
1470 1109 1518 1165 οὐκ
1527 1107 1644 1180 ἠδυνήθη
1655 1110 1869 1189 ἀπολογήσασθαι
1880 1114 1935 1194 ὑπὲρ

341 1203 422 1279 λευκῇ
443 1198 555 1279 χρίεται.
577 1196 640 1279 πρὸς
657 1194 705 1267 τὴν
726 1194 878 1273 ὁμωνυμίαν
900 1183 953 1251 οῦν.
1014 1188 1122 1256 Ἄλλως.
1168 1196 1277 1264 ἑαυτοῦ,
1292 1193 1351 1251 ἀλλ’
1363 1191 1453 1273 ὥσπερ
1467 1193 1679 1273 έγκατεχσμένην
1689 1196 1753 1275 ἔσχε
1763 1196 1812 1267 τήν
1822 1200 1937 1277 γλῶτταν,

342 1287 400 1364 ῖμοῖ
414 1285 442 1345 δέ
449 1309 480 1365 γε
492 1288 539 1344 οὑκ
550 1283 630 1356 ἔστιν,
641 1274 694 1342 οἶον
707 1280 793 1341 οὐκέτι
805 1280 859 1361 ίχιο
868 1278 927 1339 οὐδέ
936 1278 1068 1337 ἐκπλάσαι
1077 1276 1125 1345 τήν
1167 1277 1214 1338 καῖ
1228 1278 1296 1337 οὑτω
1308 1279 1499 1353 κατεδικάσθη,
1508 1272 1565 1340 εἶτα
1576 1284 1781 1363 ἐξωστρακίσθη.
1841 1284 1936 1355 Ἄλλως,

305 1384 330 1422 ¹⁰
342 1373 431 1455 ὑδρίαν
444 1375 474 1432 ἐκ
487 1377 533 1443 τῆς
547 1370 682 1441 λατύπης,
692 1367 761 1427 ἀλλὰ
772 1378 848 1427 πᾶσα
860 1366 1004 1426 ἀνάλωται.
1019 1363 1124 1423 εἶώθασῑ
1168 1366 1233 1446 πρὸς
1244 1366 1292 1438 τὴν
1306 1366 1434 1446 ἱστορίαν.
1450 1367 1555 1444 μήποτε
1569 1373 1583 1427 θ
1595 1371 1722 1450 Περικλεῖ
1734 1374 1936 1433 ἀντιπολιτευσά-
1951 1405 1969 1441 ις
2016 1375 2018 1378 ’

343 1460 422 1520 δὲτὰ
442 1461 566 1541 ῥήγματα
584 1462 635 1517 τῶν
655 1458 795 1537 ὑδριῦινιῇ
814 1454 920 1534 λατύπη
942 1452 1122 1512 διαπλάττειν.
1169 1477 1253 1531 μενος.
1268 1454 1383 1514 τοῦτοδὲ
1398 1454 1546 1534 Φιλόχορος
1563 1454 1611 1533 μὲν
1626 1460 1733 1538 ἱστορεῖ.
1751 1458 1851 1526 θςσύδὲ
1864 1463 1938 1535 πάντη
2016 1477 2018 1502 1

343 1546 419 1627 ὑδρία
439 1546 466 1605 δέ
486 1546 517 1605 τθ
539 1549 642 1625 ἀγγεῖον
663 1540 913 1623 ῖωτογραφούμενον,
933 1538 1022 1619 ὑδρεία
1041 1538 1069 1597 δὲ
1095 1538 1125 1597 τὸ
1168 1541 1297 1622 γνώριμος
1308 1541 1418 1621 ἐγένετο·
1431 1544 1490 1601 ἀλλ’
1500 1544 1560 1602 οὐδὲ
1571 1542 1645 1623 παρὰ
1658 1554 1712 1613 τοῖς
1722 1548 1940 1624 κωμικοῖς,διάτ“σ
2016 1605 2017 1608 ,

344 1635 495 1715 ὑδρεύεσθαι
507 1633 550 1693 διὰ
562 1630 708 1714 δῑρθόγγου.
1169 1629 1210 1688 ἐπ’
1235 1630 1321 1707 ὀλίγον
1347 1629 1484 1709 στρατείας
1508 1629 1649 1698 ἀξιωθέντα
1674 1631 1743 1709 μετά
1768 1634 1883 1704 Κλέωνος
1902 1638 1939 1694 ἐπὶ

383 1742 433 1783 νοτ.
458 1724 496 1800 (οὗ
510 1720 561 1801 γὰρ
574 1721 605 1778 ἄν
619 1742 682 1778 ποτε
697 1717 797 1798 τρέφειν
811 1717 908 1775 δύναιτ’
924 1714 955 1773 άν
973 1733 980 1775 :
994 1714 1063 1775 Ἀντί
1080 1718 1125 1771 τοῦ
1169 1714 1278 1795 Θρᾴκης
1295 1721 1363 1797 φυγῇ
1382 1720 1622 1797 καταψηφισθῆναι.
1643 1717 1707 1776 ἔνιοι
1718 1719 1761 1793 δέ,
1777 1712 1814 1778 ών
1827 1722 1871 1779 καῖ
1883 1723 1940 1800 ’λμ-
2016 1733 2018 1738 “

308 1829 331 1867 ιο
345 1800 380 1875 είς
392 1799 460 1876 οἶκος
474 1811 502 1867 οὐ
517 1806 626 1865 δύναται
639 1804 741 1886 τρέφειν
755 1802 814 1871 τοῖς
826 1802 871 1862 δύο
884 1799 972 1867 κύνας.
986 1798 1126 1880 είρηταιδὲ
1170 1802 1264 1877 μώνιος
1281 1809 1326 1861 τοῦ
1347 1803 1497 1884 Στεφάνου,
1519 1806 1532 1829 *
1546 1805 1561 1835 ⁴
1575 1805 1590 1867 ’ἶ
1602 1803 1648 1863 καί
1661 1812 1738 1865 τοῦτο
1755 1806 1783 1866 δὲ
1802 1809 1884 1867 ὑπίάοι
1894 1834 1941 1883 τις,
1953 1840 1971 1877 ις

347 1895 473 1975 πειρατὴν
481 1893 637 1975 παροιμίαν,
647 1892 789 1971 μίαλοχμη
798 1892 842 1949 δυυ
851 1893 1020 1971 έριθακουςου
1028 1909 1125 1967 τρεφει.
1169 1888 1258 1970 ὥσπερ
1276 1890 1440 1971 προείρηται.
1459 1890 1622 1969 θγενόμενος
1640 1894 1818 1974 ὀστρακισμὸς
1835 1898 1942 1976 ἐμφαίνει

345 1980 456 2049 Ἄλλως.
466 1980 612 2063 παροιμία,
625 1983 654 2039 οὑ
666 1978 754 2061 τρέφει
766 1978 815 2055 μία
824 1976 913 2057 λόχμη
925 1975 970 2035 δύο
982 1974 1125 2057 ἀριθάκυυς.
1154 1970 1157 1977 ’
1169 1977 1213 2034 τόν
1230 1978 1365 2047 Μελησίου
1377 1978 1423 2037 καῖ
1436 1978 1481 2037 τόν
1493 1978 1708 2060 ὀστρακισθέντα.
1722 1981 1879 2061 Θεόπομπος
1890 1985 1942 2061 μέν-

345 2068 401 2127 έστι
413 2070 439 2128 δὲ
454 2069 541 2151 όρνεον
558 2067 608 2127 ὑπὸ
622 2067 669 2144 μέν
684 2089 759 2124 τινων
775 2064 937 2143 καλούμενον
951 2060 1061 2144 έριθεὺς,
1075 2062 1127 2121 ὑπὸ
1169 2088 1210 2122 τοι
1219 2069 1234 2123 ό
1243 2065 1422 2145 ίστορικὸςτδν
1436 2065 1586 2126 Πανταίνου
1595 2066 1674 2147 φησὶν
1692 2069 1942 2129 ἀντιπολιτεύσασθαι

344 2154 372 2214 δέ
387 2154 481 2235 έτίρων
496 2154 621 2236 έρίθυλος,
633 2153 684 2213 ὑπὸ
696 2156 747 2212 τῶν
761 2152 887 2210 πλειόνων
900 2150 1040 2231 έρίθακος.)
1172 2154 1311 2233 Περικλεῖ,
1333 2153 1391 2211 ἀλλ’
1410 2154 1458 2211 οὐκ
1480 2152 1640 2235 Ἀνδροτίων,
1662 2154 1731 2213 ἀλλά
1751 2157 1797 2215 καῖ
1814 2156 1886 2225 αθτθς
1904 2160 1943 2217 τὀν
2016 2199 2018 2204 -

306 2260 333 2299 ιο
383 2262 433 2305 τεο.
459 2245 497 2321 (ού
510 2240 688 2319 κεκλάγξομαι
701 2260 708 2298 :
722 2236 886 2320 Ἐθηφησῖ,
899 2234 1126 2315 μὴκαταδικάσης
1170 2237 1328 2317 Μελησίου.)
1953 2280 1974 2318 ,,
2016 2244 2018 2250 ’

346 2328 432 2401 αὐτὸν,
453 2328 540 2387 οὐκέτι
560 2327 711 2408 κραυγάσω.
731 2326 775 2387 διδ
794 2325 845 2408 γθρ
866 2331 913 2398 τῆς
933 2328 996 2404 βοῆς
1015 2326 1039 2381 οἱ
1053 2323 1127 2389 κύνες
1209 2344 1259 2385 οικ.
1281 2324 1337 2384 δέον
1349 2328 1431 2385 εἰπεῖν
1443 2323 1635 2404 ςὴνγλῶσςαν,
1649 2339 1680 2385 v.

346 2419 522 2498 φρουροῦσιν.)
1210 2432 1258 2473 ιω.
1282 2413 1386 2493 (πάρεχ’
1405 2414 1523 2473 ἐκποδών
1537 2433 1545 2474 ;
1560 2416 1697 2483 Λακτίσας
1710 2415 1756 2475 τδν
1771 2416 1850 2488 κύνα,
1865 2420 1942 2500 φησὶν,

385 2523 435 2564 εει.
458 2502 583 2580 (κλέπτον
591 2501 622 2561 τὸ
628 2501 816 2583 χρῆμαελντῖ
823 2507 869 2560 τοῦ
877 2498 1025 2559 κλεπτικόν.
1036 2496 1126 2565 ἔπαιξε
1171 2500 1320 2582 ἀναχώρει.)
1334 2500 1394 2568 τοὺς
1404 2501 1571 2583 συκοφάντας
1584 2500 1679 2571 λύκους
1689 2506 1776 2563 καλεῖ.

346 2588 413 2661 δέά,
428 2592 455 2649 έν
467 2589 594 2671 κωμῳδίᾳ
606 2588 708 2671 εἴρηται
722 2588 829 2669 τάνδρὸς
842 2587 887 2647 καί
899 2591 927 2647 οὐ
942 2586 1035 2663 κυνός.)
1209 2608 1260 2649 σοι.
1283 2588 1460 2667 (ξυνωμότηςι
1476 2590 1619 2669 ΙΙροδότης.
1632 2595 1668 2659 ώς
1681 2592 1725 2652 ἐπὶ
1734 2592 1870 2674 ἀνθρώπου
1880 2588 1943 2654 δέεῖ·

307 2692 333 2729 κθ
385 2696 434 2736 σοι.
457 2666 488 2752 (ώ
498 2675 638 2758 ’λεκτρυών
649 2697 656 2735 :
668 2674 898 2757 Ὑπέρκειταιγῖιρ
906 2681 950 2734 τοῦ
959 2674 1127 2755 δικαστηρίου
1171 2679 1238 2753 πεν.)
1953 2715 1973 2753 2‘1

346 2766 427 2821 αὐτοῦ
442 2762 601 2845 ἀλεκτρυών,
615 2766 649 2830 ὡς
663 2766 690 2821 ἐν
703 2767 756 2831 τοῖς
772 2762 826 2822 ἀνω
843 2764 981 2833 ἐδήλωσεν.
996 2760 1127 2838 καταμύει
1210 2784 1259 2823 σεο.
1281 2754 1347 2843 (οἷός
1359 2787 1387 2822 τε
1400 2784 1408 2823 t
1425 2763 1540 2831 Δυνατός
1554 2766 1624 2838 ἐστι,
1639 2765 1718 2847 φησῖ,
1733 2766 1873 2848 προβάτων
1887 2792 1944 2851 προ

348 2850 375 2909 δὲ
389 2850 511 2912 ἐπινεύει.
528 2853 639 2932 οὐρῆσαι
651 2851 678 2911 δὲ
691 2850 771 2909 θέλων
782 2850 863 2926 ἀμίδα
876 2852 960 2927 αἰτεῖ.)
1170 2846 1315 2927 ίστασθαι.)

387 2960 437 3000 σεο.
462 2939 531 3017 (τοῖς
551 2940 684 3021 μάρτυρας
698 2939 749 3020 γάρ
769 2959 775 2999 :
794 2937 868 2998 Ὅσα
884 2940 910 2995 έν
929 2941 967 3019 τῷ
986 2935 1128 3017 μαγειρείιγι
1210 2958 1259 2998 σου.
1281 2938 1325 2997 τὸν
1341 2939 1418 3020 τυρὸν
1436 2942 1459 2997 εἰ
1474 2938 1605 2999 κατεσθίει
1620 2959 1627 2999 :
1643 2936 1731 3021 Ἄλλῳ
1750 2940 1857 3024 τρόπῳ,
1879 2944 1943 3024 φησῖ,
2016 2979 2017 2982 =

348 3027 475 3107 τυγχάνει
485 3029 622 3107 ἐργαλεῖα,
636 3032 682 3085 τοῦ
694 3026 794 3104 γελοίου
806 3026 883 3105 χάριν
897 3024 956 3092 ἄξαι
968 3022 1032 3104 φησί
1042 3030 1127 3081 ταῦτα
1173 3026 1293 3106 βλάπτει.
1314 3038 1376 3085 Vici.

308 3126 335 3163 θ’
347 3117 382 3181 είς
394 3116 539 3195 μαρτυρίαν
550 3118 639 3175 αὑτοῦ.
650 3114 695 3173 καί
706 3114 746 3173 ότι
756 3117 782 3172 ἐν
795 3118 832 3193 τῷ
844 3112 985 3193 μαγέιρείιμ
996 3112 1128 3193 ἡρπάγηθ
1210 3134 1258 3173 τεο.
1279 3114 1418 3196 κιθαρίζειν
1439 3114 1491 3195 γάρ
1511 3117 1559 3174 οθκ
1579 3114 1721 3176 έπίσταται
1742 3137 1750 3177 :
1772 3118 1859 3195 (Ὣσεῖ
1872 3112 1943 3177 εἶπεν·
1956 3150 1976 3185 αι

347 3202 439 3282 τυρός.)
1172 3200 1245 3261 ούδέν
1259 3201 1470 3261 ἀλλοέπίσταται
1480 3202 1551 3275 πλὴν
1562 3203 1592 3261 τδ
1604 3202 1749 3281 κλέπτειν.)
1762 3206 1836 3287 παρὰ
1846 3206 1892 3278 τήν
1901 3231 1945 3265 παι
2016 3231 2018 3236 ’

387 3310 435 3349 σου.
460 3287 675 3369 προσκεκαυμένα
689 3309 696 3349 :
709 3288 752 3349 Τθ
765 3290 801 3355 είς
814 3286 843 3345 τὸ
853 3286 972 3346 καίεσθαι
982 3285 1127 3357 ίπιτήδεια.
1174 3288 1277 3368 ροιμίαν
1289 3317 1300 3341 ι
1313 3292 1380 3368 πεζῇ
1395 3289 1508 3368 βαδίζοι,
1519 3298 1573 3347 νεῖν
1588 3290 1638 3370 γὰρ
1653 3293 1700 3349 οὐκ
1712 3292 1866 3371 ἐπίσταμαι.
1878 3322 1890 3345 ι
1905 3298 1946 3369 (ού

353 3386 416 3433 1ἰ”σῖ.
1173 3374 1214 3433 δέν
1233 3375 1261 3433 δέ
1279 3374 1343 3457 πρὸς
1364 3375 1434 3441 ἔπος.
1455 3375 1512 3434 δέον
1533 3375 1584 3457 γθρ
1603 3380 1684 3437 εἰπεῖν
1700 3378 1753 3438 ὑπὸ
1772 3380 1862 3453 πείνης
1879 3388 1946 3441 τοῦτο

387 3483 436 3522 υιι.
461 3453 523 3540 (οἶμ’
534 3462 585 3541 ε’γθι
596 3463 730 3542 χεσεῖσθαι
744 3485 750 3523 :
762 3461 833 3543 Πρθς
843 3461 872 3519 τὸ
881 3462 991 3541 οὐρῆσαι
1002 3460 1128 3541 ἐπήνεγκε
1172 3472 1256 3536 ποιεῖ,
1269 3466 1283 3521 ὑ
1295 3462 1323 3520 δὲ
1335 3463 1399 3541 παρ’
1412 3462 1536 3521 ὑπόνοιαν
1551 3469 1628 3524 τοῦτο
1643 3465 1796 3546 ἐπήγαγεν.)

308 3560 333 3597 ιιι
347 3549 376 3608 τὸ
386 3552 520 3630 χεσεῖσθαι
530 3552 634 3622 ποιήσοι
640 3550 685 3609 τὸν
695 3548 818 3621 Λάθητα.
829 3552 864 3615 ὡς
874 3549 1002 3627 φιλόδικος
1013 3547 1041 3607 δὲ
1053 3551 1128 3607 ἀπεῖ-
1212 3571 1261 3611 τοο.
1284 3549 1336 3609 ἀπὸ
1351 3555 1437 3610 κοινοῦ
1450 3551 1480 3609 τὸ
1492 3551 1660 3614 ἀπίστασθαι.
1676 3565 1708 3612 V.
1956 3589 1976 3629 ,ς

346 3638 387 3695 λεῖ
400 3636 575 3719 καταδικάσαι
590 3637 689 3714 αὐτόν.)
1212 3656 1260 3696 τοι.
1282 3640 1434 3717 κακουργῶν
1447 3636 1567 3720 ἐνέγραφ’
1578 3646 1642 3716 ἡμῖν
1657 3660 1664 3699 :
1681 3644 1717 3708 ὡς
1736 3642 1855 3720 γραπτὸν
1873 3646 1945 3713 δεδω-

386 3745 434 3784 ιιω.
459 3726 526 3797 (ἀλλ’
540 3724 600 3792 ὀδθιξ
619 3724 675 3804 ἔχει
692 3746 699 3784 z
720 3714 785 3784 Οἶον
799 3720 873 3781 οὐδὲν
895 3722 1046 3803 φθέγγεται,
1059 3721 1128 3781 ἀλλά
1172 3724 1247 3791 κότος
1260 3723 1337 3802 λόγον
1351 3730 1396 3783 τοῦ
1412 3725 1622 3804 ἀπολογουμένου
1637 3728 1721 3796 κυνός.
1737 3742 1767 3789 R,
1788 3743 1814 3789 V.
1833 3743 1895 3790 νισι.

248 3876 251 3883 ,
348 3812 406 3877 τοὺς
431 3812 537 3878 ὀδόντας
558 3814 686 3884 δηκτικῶς
707 3798 849 3889 κατέχειὸ
876 3810 955 3870 κύων.
1017 3807 1127 3877 Ἄλλως.
1211 3832 1261 3871 ναι.
1286 3814 1346 3889 (τῶν
1358 3811 1498 3892 μαρτύρων
1512 3833 1519 3872 :
1532 3813 1761 3893 ’λπολογουμένων
1775 3820 1912 3893 δηλονότι.)

348 3898 524 3979 διασπαράξω
538 3898 625 3977 βούλει
637 3907 688 3965 τοῖς
703 3900 790 3957 ὀδοῦσι
802 3897 845 3957 τθν
859 3896 941 3970 κύνα,
952 3896 985 3955 ἵν’
1000 3889 1018 3978 ᾖ
1031 3898 1061 3956 τὸ
1073 3897 1129 3978 ἔχει
1211 3918 1259 3959 τοο.
1280 3899 1436 3979 τυρόκνηστι
1451 3919 1459 3960 :
1475 3903 1501 3960 Τ
1501 3899 1534 3972 ήν
1553 3902 1705 3981 ἀπολογίαν.
1724 3924 1756 3971 v.
1772 3910 1818 3982 (ὡς
1835 3908 1897 3987 πρὸς
1909 3908 1946 3966 τὸν

300 3992 336 4041 ’ω
348 3986 467 4066 δευτέρου
482 3983 622 4066 προσώπου
636 3986 771 4061 Ἀττικοῦ.)
1173 3987 1287 4065 Χάρητα
1299 3988 1380 4046 πάλιν
1393 3987 1439 4046 καῖ
1451 3994 1542 4061 τοῦτο,
1555 3994 1590 4057 όις
1605 3992 1631 4048 έν
1644 3994 1791 4075 κωμῳδίᾳ.)
1957 4028 1977 4065 ς,

386 4096 434 4135 ιιι.
457 4074 522 4155 θ’περ
537 4074 600 4134 ποτέ
617 4074 718 4155 φεύγων
732 4073 826 4133 ἔπαθεν
843 4094 850 4135 :
868 4074 1043 4151 (Θουκυδίδην
1059 4073 1129 4151 λέγει
1212 4095 1262 4135 σοι.
1286 4074 1455 4153 (ταμιεύουσα
1473 4095 1481 4137 :
1499 4076 1546 4137 Ἔν
1557 4081 1596 4159 τῷ
1612 4079 1713 4160 ταμείῳ
1725 4071 1803 4142 οἶίσα.
1816 4085 1843 4141 έν
1858 4084 1946 4148 τούτοις

347 4164 391 4221 τὸν
405 4163 548 4241 Μελησίου)
562 4162 780 4243 (Ἀλωπεκῆθεν).
794 4168 885 4222 τοῦτον
896 4162 923 4220 δὲ
935 4162 1128 4243 ἐξωστράκισαν
1174 4163 1219 4221 καῖ
1235 4162 1288 4244 δλιμ
1300 4166 1338 4243 τῷ
1348 4163 1438 4244 τρόπιρ
1449 4168 1496 4234 τῆς
1507 4162 1580 4236 δίκης
1592 4166 1788 4248 ἐχαρακτήρισε
1800 4167 1847 4236 τθς
1861 4172 1887 4227 έν
1897 4174 1946 4235 ταῖς

348 4250 477 4323 Ἀθηναῖοι
493 4250 526 4309 τδ
545 4252 560 4308 ι’
577 4250 622 4322 έτη
641 4249 710 4309 κατὰ
725 4248 769 4309 τὸν
785 4250 872 4327 νόμον·
890 4251 931 4328 (οὐ
948 4250 1015 4319 ξένον
1033 4250 1074 4321 δὲ,
1089 4234 1129 4309 ὅτ)
1172 4249 1290 4318 εὐθύναις
1301 4253 1353 4309 τῶν
1364 4251 1499 4329 ἀρχόντων
1512 4251 1674 4329 ἀπολογίας.)

348 4338 453 4419 ίτέρωθι
463 4336 511 4415 μὲν
522 4337 726 4419 έξωστρακίσθαι
737 4338 815 4419 φησίν
826 4338 915 4414 αὑτὸν,
925 4344 969 4396 νῦν
980 4338 1006 4396 δὲ
1017 4337 1128 4419 φεύγειν.
1212 4358 1261 4397 τοι.
1285 4337 1458 4413 (κατέκνησας
1474 4357 1481 4397 :
1499 4337 1568 4396 Ἀντῖ
1583 4344 1628 4397 τοῦ
1646 4338 1750 4417 ἔτεμες,
1764 4341 1887 4422 ε’μέρισας
1901 4345 1947 4407 τοῖς

308 4445 335 4485 ω
348 4418 414 4493 είδος
425 4425 476 4506 γάρ
485 4448 510 4484 τι
523 4430 605 4506 φυγῆς
617 4428 686 4484 ἐστιν
695 4431 708 4485 δ
718 4425 900 4506 θστρακισμός.
914 4424 975 4483 ένδέ
985 4427 1038 4493 τοῖς
1050 4425 1129 4484 εἴδεσι
1172 4424 1359 4505 στρατιώταις,
1382 4422 1399 4481 ἀ
1423 4423 1516 4491 ἔλαθες
1539 4423 1625 4506 τυρία.
1649 4430 1686 4493 ώς
1706 4426 1751 4485 έπῖ
1773 4427 1899 4505 δημοσίου
1922 4426 1976 4501 δέη,

348 4512 499 4595 περιέχεται
512 4511 547 4572 τθι
557 4512 629 4594 γένη.
642 4512 728 4572 καὶτὸ
744 4512 791 4589 μέν
806 4512 1012 4593 έίωστρακίσθαι
1026 4512 1129 4593 φεύγειν
1172 4512 1328 4592 πράγματος
1340 4510 1504 4579 ἀξιοπιστίαν
1518 4519 1737 4595 περιποιεῖταιιῇ
1753 4515 1899 4597 μαρτυρίφ,
1909 4515 1946 4574 διδ

348 4600 379 4659 άν
392 4624 431 4666 τις
445 4598 550 4669 εἰκότως
562 4601 644 4672 εἴποι,
659 4600 688 4660 τὸ
705 4600 732 4659 δὲ
748 4600 850 4682 φεύγειν
867 4600 953 4659 οὐκέτι
971 4599 1129 4681 ἐξωστρακί-
1172 4604 1217 4658 τοῦ
1229 4598 1402 4680 στρατιώταις
1411 4601 1492 4658 εἰπεῖν
1504 4599 1681 4679 τετμηκέναι.)

348 4689 428 4762 σθαι.)
444 4686 560 4768 διαφέρει
576 4685 627 4766 γάρ
642 4686 710 4769 φυγὴ
727 4691 921 4768 θστρακισμοῦ,
936 4687 1002 4746 καθὸ
1016 4692 1067 4745 τῶν
1081 4687 1128 4763 μὲν
1212 4708 1260 4747 σαι.
1284 4687 1340 4766 (καῖ
1355 4686 1479 4767 τραχήλι’
1492 4686 1572 4746 ε’σθίει
1587 4706 1595 4747 2
1613 4690 1639 4747 Τ
1640 4688 1657 4745 ἀ
1669 4687 1739 4769 ἄκρα
1753 4690 1800 4749 καῖ
1811 4689 1845 4749 τδι
1863 4691 1946 4758 εὐτελῆ

349 4773 493 4854 φευγόντων
513 4778 540 4833 αῖ
556 4774 642 4834 οὐσίαι
659 4774 831 4852 δημεύονται,
850 4778 902 4833 τῶν
917 4774 944 4833 δέ
958 4778 1128 4855 θστρακισμῷ
1173 4774 1247 4856 κρέα.
1261 4776 1289 4832 ἐν
1302 4778 1356 4841 τοῖς
1367 4773 1539 4851 ὑπομνήμασι
1551 4773 1579 4833 δὲ
1590 4773 1738 4856 γέγραπται
1749 4779 1811 4859 περὶ
1827 4782 1878 4837 τῶν
1889 4801 1947 4858 τρα-

309 4878 337 4916 ου
349 4861 534 4937 μεταστάντων
550 4862 636 4921 οὐκέτι
654 4863 749 4945 (κύριος
760 4867 773 4921 ὁ
787 4864 877 4939 δῆμος.
893 4862 938 4921 καὶ
956 4870 1008 4928 τοῖς
1021 4860 1069 4939 μέν
1083 4867 1129 4925 καῖ
1172 4861 1274 4941 χηλίων
1284 4858 1379 4927 οὕτως·
1390 4859 1426 4919 τδι
1437 4861 1643 4940 ἀποβαλλόμενα
1657 4868 1711 4924 τῶν
1726 4864 1809 4946 ύβων,
1821 4869 1858 4932 ώς
1871 4862 1945 4943 μικρά
1957 4900 1977 4937 ,η

348 4946 425 5013 τόπος
436 4948 573 5007 ἀπεδίδοτο
586 4948 631 5007 καῖ
645 4950 749 5029 χρόνος,
763 4958 817 5016 τοῖς
830 4947 857 5007 δὲ
870 4948 1003 5029 οὐδέτερον
1018 4948 1128 5011 τούτων.
1173 4948 1327 5014 κλέπτοντας
1338 4950 1426 5009 αὐτοῦ.
1441 4948 1608 5021 πεπλάνηται
1620 4950 1657 5009 δέ.
1671 4950 1727 5010 έστι
1737 4952 1765 5011 δὲ
1776 4951 1916 5033 τραχήλιόν
1924 4974 1945 5008 τι
2016 5025 2017 5028 ¹

349 5030 389 5091 δτι
404 5032 430 5091 δὲ
447 5038 461 5092 ὁ
479 5033 619 5105 Ἀθηναίων
637 5038 718 5111 δῆμος
735 5036 872 5117 ἀειφυγίαν
889 5038 968 5094 αὐτοῦ
984 5037 1129 5116 καταγνοὺς
1175 5036 1260 5117 βραχὺ
1277 5035 1383 5108 τελέως,
1399 5036 1586 5118 παραπλήσιον
1603 5047 1658 5106 τοῖς
1674 5034 1822 5120 κυρηίίσις,
1836 5039 1945 5101 τουτέστι

349 5120 476 5197 ἐδήμευσε
486 5118 532 5191 τήν
543 5122 642 5193 οὐσίαν,
653 5122 697 5181 καῖ
706 5124 770 5203 πρὸς
779 5124 803 5182 Ἀ
809 5122 945 5203 ρταξέρξην
956 5116 1004 5195 ἧκε
1016 5126 1128 5205 φεύγων,
1174 5124 1302 5205 πιτύροις,
1315 5132 1368 5190 τοῖς
1380 5125 1432 5183 ἀπὸ
1445 5128 1498 5183 τῶν
1509 5130 1603 5206 κριθῶν
1614 5126 1813 5207 ἀποβρέγμασι,
1824 5138 1876 5195 τοῖς
1886 5126 1945 5205 ἀχύ-

350 5206 431 5287 σαφές
439 5217 509 5267 ποιεῖ
518 5208 662 5287 Ἰδομενεὺς
673 5208 715 5266 διδι
726 5215 769 5267 τοῦ
782 5212 805 5289 β’
816 5210 859 5267 τὸν
868 5210 963 5291 τρόπον
973 5216 1072 5283 τοῦτον,
1081 5239 1092 5260 ι
1104 5215 1127 5269 οἱ
1176 5237 1235 5292 ραις.
1255 5212 1375 5289 λέγονται
1393 5211 1419 5270 δὲ
1443 5213 1487 5271 καῖ
1502 5216 1643 5293 ἀρσενικῶς
1654 5217 1678 5273 οἱ
1693 5216 1831 5296 τράχηλοι.
1850 5214 1903 5273 ἔστι
1919 5215 1943 5270 δὲ
