4100 6109
675 454 876 514 SCHOLIA
906 455 946 514 IN
975 455 1124 516 NUBES.
1665 477 1700 529 95

113 594 168 659 τινές
177 583 218 652 οδν
233 592 267 656 εἰς
279 589 310 648 τό
324 587 448 671 δροσερὰν
464 586 540 664 φύσιν
554 585 690 663 εὐάγητον,
704 585 876 665 προστιθέασι
922 585 951 644 δέ
963 582 1010 652 τδις
1023 585 1143 667 Νεφέλας
1157 587 1377 670 γυναικομόρφους
1395 589 1518 668 εἰσάγειν,
1538 593 1626 664 ἐσθῆτι
1641 617 1700 654 πσι-

112 685 267 762 τὸάφεῖσαι,
285 677 330 736 ίνα
353 680 469 735 ἐντεῦθεν
488 675 535 742 τδς
556 674 703 740 αἰτιατικδς
720 671 875 741 συντάξυισι.
920 672 982 751 κέλῃ
995 671 1204 755 χρυιμίνας,ίνα
1215 675 1248 734 τδι
1264 680 1315 734 τῶν
1329 677 1455 758 οὐρανίων
1467 679 1617 758 φυλάττωσι
1636 683 1700 763 σγή-
1759 667 1764 676 ’

112 768 214 829 τοῦτοδὲ
227 769 254 825 ἐν
267 765 416 826 οῖδενλτῶν
430 763 548 845 ἀρχαίων
561 761 671 842 βιόλίων
686 761 805 842 εὕρηται,
818 760 878 818 ἀλλ’
921 783 1004 836 ματα.
1020 761 1051 820 τδ
1065 762 1088 820 δ’
1111 762 1275 841 ἐπιδώμεθα,
1293 763 1352 822 ἀντί
1370 769 1415 824 τοῦ
1435 765 1565 844 ἐπίδωμεν
1578 768 1624 826 καί
1646 747 1704 829 ἐδτι-

111 857 161 921 σδδὲ
173 857 261 937 μέτρον
275 855 393 914 ἀπαιτεῖ.
411 852 584 911 συντάσσεται
598 850 625 909 δέ
640 848 718 910 οὕτω·
735 838 878 930 ῶνεφέλαι
921 845 1104 931 σκεψώμεθα]
1115 848 1159 909 ἵνα
1170 861 1295 930 γυναῖκας
1309 852 1437 932 εἰσαγάγῃ
1451 852 1498 922 τδις
1508 861 1553 914 τοῦ
1567 861 1657 938 χοροῦ.

91 948 201 1006 ιάένναοι
213 947 240 1002 αἱ
250 942 360 1023 ἔχουσαι
373 940 450 1023 φύσιν
464 938 590 1020 δροσερδν
606 938 733 1017 εὐάγητον
744 936 824 1015 ἤγουν
834 935 879 994 εἰ·
961 955 1010 996 τοο.
1032 937 1188 1020 τηλεσκόπῳ
1206 959 1213 999 :
1235 937 1279 1000 Τδ
1298 938 1386 999 πάντα
1405 943 1539 1023 ἐφορῶντι.
1562 955 1591 1002 R.
1612 943 1729 1026 πόρρυιε

112 1035 212 1104 ‚m
225 1033 289 1112 m]
921 1025 1024 1104 ὁρῶντι.
1042 1035 1106 1084 νισι.

143 1142 186 1181 ττι.
206 1117 296 1200 [φύσιν
305 1115 433 1195 εἰιίγητον
443 1135 452 1176 :
462 1111 769 1196 Πανταχοδφιρομένην,
781 1111 799 1183 ἢ
810 1112 878 1187 λαμ·
960 1130 1010 1172 ενι.
1032 1103 1055 1172 ώ
1070 1113 1139 1192 μέγα
1153 1115 1248 1193 σεμναὶ
1262 1137 1269 1176 :
1284 1115 1339 1196 [Tb
1358 1117 1465 1196 μερικὸν
1478 1123 1554 1177 τοῦτο
1565 1118 1704 1198 ἀμσιόαῖον
1769 1101 1782 1130 ⁹

110 1207 191 1290 τρέε]
202 1205 337 1288 λαμπράν,
350 1203 478 1286 καθαράν.
490 1214 520 1261 R.
530 1202 659 1280 εὐάγητον
673 1223 681 1262 :
693 1199 788 1271 Πάντη
797 1197 877 1281 φιρό·
921 1195 1046 1277 σόστημα
1064 1203 1093 1260 ἐκ
1105 1202 1203 1282 στίχων
1218 1204 1287 1263 ἐστίν
1309 1207 1506 1264 ἀναπαιστικῶν
1520 1207 1704 1289 τετραμέτρων

110 1321 185 1376 μενον,
195 1295 337 1368 εὐκίνητον·
346 1300 462 1353 τοιαῖτον
473 1293 525 1375 γὰρ
537 1293 568 1351 τὸ
577 1292 657 1372 ὕδωρ,
667 1303 714 1350 Βτ.
921 1289 1122 1360 καταληκτικῶν
1131 1293 1168 1364 ζ’,
1181 1295 1214 1358 ὡς
1224 1290 1326 1372 ἐρρέθη.
1342 1289 1480 1369 λέγεταιδέ
1493 1299 1569 1352 τοῦτο
1581 1293 1703 1374 σύστημα

80 1414 100 1447 ευ
143 1391 204 1462 (εει).
225 1385 355 1443 Ὠκεανοῦ
366 1383 531 1464 βαρυαχέοςτ
545 1378 702 1447 Ἀκολοόθως
710 1377 878 1446 τοῖςίνπδτοῖ
920 1373 990 1433 κατδ
1006 1377 1152 1458 περικοπὴν
1168 1379 1367 1460 ἀνομοιομερές,
1387 1383 1423 1448 ὡς
1438 1381 1600 1463 Ἡφαιστίων
1616 1383 1703 1465 φησίν.
1720 1405 1744 1442 ιυ

110 1472 409 1556 φχαρῇωςρςρψέρηκ
517 1461 521 1467 ’
921 1463 965 1520 ἐπί
991 1467 1029 1544 τῷ
1056 1465 1125 1524 τέλει
1148 1467 1345 1550 παράγραφος.ψ
1367 1458 1390 1528 ‹f›
1418 1469 1635 1547 θαυμασιώταται
1659 1471 1705 1530 ιιαλ

921 1553 1056 1633 ὑπεράγαν
1071 1555 1174 1632 σεμναί.
1192 1573 1218 1620 n,
1231 1575 1259 1620 v,
1275 1561 1359 1614 ταῦτα
1375 1557 1423 1633 μέν
1439 1558 1497 1616 καθ’
1510 1553 1622 1636 Ιἑαυτὸν,
1636 1558 1665 1618 τὸ
1677 1559 1705 1619 δέ

921 1639 1003 1719 ᾔσθου
1015 1647 1103 1722 φωνῆς
1114 1642 1178 1725 πρὸς
1190 1643 1233 1701 τὸν
1246 1645 1413 1724 Στρεψιάδην
1428 1649 1441 1703 ό
1457 1645 1611 1726 Σωκράτης,
1627 1657 1657 1705 V.

110 1738 185 1796 ἀλλ’θ
202 1735 247 1812 μὲν
264 1734 309 1793 διδ
327 1735 360 1794 τθ
378 1735 475 1807 άδηλον
493 1737 523 1792 ἐκ
543 1731 621 1814 διαφό
690 1727 772 1798 αιἰτδς
790 1727 878 1788 τόπων
961 1747 1010 1789 2⁰2.
1027 1728 1121 1810 [ᾔσθου
1137 1735 1222 1810 φωνῆς
1234 1749 1240 1790 :
1254 1731 1301 1790 ’liv
1314 1735 1371 1799 ταῖς
1381 1732 1529 1815 κωμῳδίαις
1540 1733 1606 1801 τινές
1619 1758 1706 1814 μηχα·

108 1818 240 1892 καίπηγῶν
250 1817 343 1888 καλεῖ,
353 1813 387 1872 ἐν’
397 1813 466 1874 οότυι
473 1820 535 1890 γοῦν
544 1815 620 1884 τῆςά
636 1809 726 1883 ηθείας
736 1813 825 1890 τυχεῖν
837 1811 879 1867 δυ·
921 1815 978 1886 ναὶ,
992 1817 1027 1874 τδι
1047 1816 1196 1896 καλεόμενα
1211 1821 1305 1899 ἠχεῖα,
1322 1811 1357 1878 ὧν
1376 1820 1499 1889 όκτόπος
1513 1823 1705 1902 σχηματίζεται
1723 1849 1745 1888 ις
1784 1813 1792 1828 ’

79 1910 172 1983 ιτνηθῇ.
186 1907 212 1962 αἱ
229 1903 269 1973 δέ,
289 1902 337 1960 ἀπε
350 1907 397 1974 τῆς
410 1905 510 1962 ἑαυτῶν
521 1900 646 1979 γενέσεως
658 1895 836 1975 γικώακαυσαι
848 1895 879 1954 τὸ
922 1905 958 1969 εἰς
972 1907 1081 1983 βροντῆς
1092 1905 1237 1987 ἀπήχησιν.
1251 1907 1308 1966 ἔστι
1320 1906 1347 1966 δέ
1360 1910 1404 1967 καί
1423 1913 1450 1968 ἐν
1464 1915 1497 1982 τῆ
1514 1915 1599 1984 σκηνῇ
1612 1913 1706 1992 yffi-

108 1992 212 2074 ἀεριόὲς,
223 1990 297 2060 εὐθὺς
311 1991 436 2074 διώρισαν
446 1990 493 2048 καὶ
503 1989 581 2048 πόθεν
595 1985 677 2053 αθτίις
690 1989 801 2066 ἀρθῆναι
815 1981 876 2054 δεή-
921 1989 994 2066 νημά
1011 2015 1045 2061 τι,
1058 1991 1072 2050 δ
1083 1995 1204 2052 καλεῖται
1215 1999 1356 2076 βροντεῖον,
1373 1977 1510 2079 ἀμφορεῖςΙ
1517 1981 1612 2076 μεστδς
1623 2000 1705 2083 ψηρί.

108 2107 150 2140 σεε
168 2079 309 2160 βαρυαχέος
323 2079 352 2138 δέ
365 2085 411 2139 τοῦ
431 2077 501 2157 μέγα
512 2081 648 2157 ἠχοῦντος.
669 2074 706 2154 [οἰ
722 2072 774 2154 γδρ
792 2073 881 2152 fimf<
922 2080 974 2137 δων
988 2080 1216 2158 ἀντιόαλλομένων
1231 2085 1266 2149 εἰς
1264 2086 1393 2192 χαλκοῦν
1408 2084 1540 2168 λε’όητα.]

107 2169 209 2246 ποταμοὶ
224 2167 324 2249 &Miz
343 2165 427 2244 μέτα*
449 2157 516 2246 θςῦν
538 2162 757 2244 ἐπῑργάίθπαῑιί
776 2195 815 2206 ··
831 2163 879 2237 fist·
961 2187 1009 2226 τοι.
1033 2169 1097 2249 [καί
1107 2169 1479 2249 σέόομαίγ’ωπολυτίμητοι;
1491 2175 1559 2235 Ἀντί
1569 2181 1614 2235 τοῦ
1622 2200 1705 2258 προσ-

108 2257 205 2337 ρυσχέος
226 2277 235 2316 :
257 2255 339 2334 Μέγα
352 2259 488 2334 ἠχοῦντος.
502 2265 532 2312 R.
551 2263 614 2311 Vm.
922 2254 1035 2329 κυνῶ,ἣ
1050 2258 1291 2338 καταπέπληγμαι,
1305 2261 1344 2319 δεῖ
1360 2262 1444 2321 δὲκαὶ
1461 2267 1515 2330 τοῖς
1528 2262 1620 2323 τούτου
1637 2265 1705 2344 σχή-
1719 2293 1747 2331 20

76 2375 98 2412 ς,
139 2363 183 2402 ειν.
202 2343 258 2410 ταῖς
268 2341 407 2419 κομώσαις
416 2340 542 2421 κορυφαῖς
549 2347 604 2407 τοῖς
615 2337 736 2420 δένδροις.
750 2349 779 2395 R·
923 2368 1003 2422 μασιν
1018 2346 1194 2420 ἐνδείκνυσθαι
1208 2349 1239 2408 πθ
1251 2350 1438 2428 δεδιττόμενον,
1450 2353 1495 2411 καί
1510 2351 1553 2411 ἐπί
1565 2377 1598 2431 ιη
1611 2377 1707 2435 παρου-

140 2453 183 2490 ιεο.
198 2429 324 2511 Ἔφαμεν
339 2429 380 2488 ότι
393 2437 448 2496 τοῖς
461 2427 693 2510 ἱψηλατότοιςτῶν
706 2429 772 2509 θρῦν
786 2423 882 2484 ἔπαθ’
923 2433 969 2515 αίφ
993 2437 1047 2494 τῶν
1076 2437 1202 2518 Νεφελῶν
1234 2439 1463 2518 ἐκπεπληγμένον.
1485 2441 1591 2500 τίθεται
1622 2443 1649 2499 δὲ
1672 2446 1707 2509 ὡς

107 2527 187 2591 θηντιιι
197 2522 225 2578 αἱ
242 2519 362 2600 νεφέλαι.
371 2517 415 2577 ίνα
427 2517 486 2577 ἀντί
493 2515 616 2578 τοῢδπου
627 2515 661 2576 τὰ
674 2514 765 2597 πόρροι
779 2511 881 2582 καθῑζθ·
923 2520 1070 2600 οεόασμίας
1088 2525 1138 2585 όπδ
1156 2529 1221 2584 θεῶν
1241 2525 1286 2586 καλ
1306 2527 1465 2606 τιμωμένας.
1487 2528 1533 2588 καί
1553 2531 1706 2610 προσκυνῶν

107 2632 163 2684 pm
181 2607 321 2687 βλέπομεν.
341 2618 372 2665 R.
398 2605 452 2685 (ἵνα
472 2607 626 2688 τηλεφανεῖς
648 2625 655 2665 :
674 2603 767 2677 Ὅθεν,
782 2603 828 2684 ἀφ’
842 2592 880 2660 ὧν
923 2607 951 2668 δέ
965 2611 1041 2682 δῆθεν
1053 2617 1137 2672 ταῦτα
1151 2611 1249 2694 λέγει]

106 2697 166 2754 ἐστίν
185 2696 245 2754 ἰδεῖν
260 2693 297 2754 τέ
317 2695 418 2777 πόρρω,
442 2703 496 2762 τοῖς
514 2694 566 2775 γδρ
580 2692 691 2773 εἰςθψος
705 2683 765 2750 οῖσι
783 2692 828 2750 καὶ
846 2691 880 2750 τέ
962 2697 1284 2782 [ἀνταποπαρδεῖντἎντί
1294 2707 1340 2761 τοῦ
1350 2707 1483 2774 κτυτιῆσαι
1493 2703 1538 2762 καί
1546 2707 1704 2784 ἀνι-ηχῆσαι.
1719 2727 1745 2765 τε

108 2782 200 2865 μακράν
213 2789 356 2866 καταφανῆ
367 2783 489 2862 γίνεται.)
505 2783 549 2864 [τό
562 2783 591 2842 δί
604 2780 664 2854 ίνα,
679 2781 738 2840 ἀντὶ
748 2786 794 2840 τοῖῖ
803 2779 878 2840 δινου-
922 2785 983 2867 περὶ
996 2785 1023 2844 δέ
1037 2787 1086 2859 τὴν
1099 2787 1210 2868 βροντὴν
1223 2789 1337 2862 ἐπαιξεν,
1353 2787 1476 2867 ἐξομοιῶν
1493 2793 1559 2872 αὐτῇ
1574 2795 1622 2864 τῆς
1637 2815 1706 2872 πορ-

106 2873 155 2942 ἢτθ
167 2870 207 2931 ἵνα
222 2872 387 2954 ἀφορώμεθα
406 2871 478 2931 ἐστίν
492 2871 551 2931 ἀντί
564 2877 609 2930 τοῦ
621 2869 687 2930 ὅθεν.
706 2867 833 2949 κέχρηται
852 2867 880 2926 δέ
923 2874 969 2946 δῆς
979 2873 1023 2933 τὸν
1039 2868 1132 2957 ἥρω]

105 2959 252 3042 ἐπιρρήματι
271 2965 314 3043 τῷ
329 2963 356 3019 ἐν
373 2962 447 3042 τόπερ
467 2960 526 3019 ἀντὶ
543 2965 591 3019 τοῦ
603 2961 634 3018 ἐκ
652 2958 742 3018 τόπου.
755 2993 794 3004 --
810 2955 878 3015 ῖναῒ
962 2980 1011 3021 τοι.
1033 2961 1099 3043 πρδς
1110 2963 1156 3031 τδς
1174 2962 1284 3048 βροντάς
1299 2983 1308 3024 t
1322 2968 1369 3037 Μη
1392 2964 1441 3037 ἀνί
1459 2967 1538 3038 ἐστιν,
1553 2964 1567 3025 δ
1586 2969 1705 3026 καλεῖται

107 3049 165 3106 ’λιτὶ
176 3053 220 3107 τοῦ
231 3048 301 3109 θθεν.
323 3049 402 3130 νισι]
924 3053 1066 3128 βροντεῖον,
1086 3051 1137 3110 ίιπὸ
1157 3051 1205 3124 τὴν
1224 3054 1332 3125 σκηνάν·
1352 2987 1411 3126 δχδν
1427 3053 1572 3135 ἀμφορεὺς,
1592 3056 1707 3136 ψηφῖδας

138 3157 182 3194 ονε.
202 3137 391 3214 ἀρδευομένην.
406 3151 435 3197 R,
922 3129 991 3216 έχων
1006 3139 1160 3208 θαλασσίας.
1176 3131 1208 3212 ’ἦν
1220 3139 1248 3200 δέ
1258 3140 1339 3214 λέόης
1373 3145 1481 3213 αλκοῦς,
1494 3145 1530 3208 εἰς
1542 3142 1571 3201 δν
1582 3146 1609 3201 αἰ
1624 3146 1705 3224 ψῆφοι
1720 3170 1746 3208 ιι,

74 3259 95 3286 ,ιι
137 3245 181 3283 ατε.
201 3222 877 3304 ζαθέοινεθαυμαστῶν,ἀγανθείυιν.κελαδήματατ
922 3224 1066 3302 κατήγοντο
1093 3225 1138 3285 καί
1165 3227 1316 3306 κυλιόμεναι
1338 3166 1405 3308 δίψαν
1430 3227 1572 3288 ἀπετέλουν
1603 3229 1706 3289 ἐοικότα

108 3318 159 3390 Rp..
170 3336 201 3370 ν..
210 3314 257 3379 τὰς
270 3314 347 3392 βοάς.
370 3327 432 3374 ν’ίσί.
445 3313 586 3393 ἧχήματα.
600 3324 630 3371 R.
923 3316 1029 3393 βροντῇ.

138 3420 182 3459 τιν.
201 3401 349 3460 κελάδοντα
364 3421 372 3462 2
386 3403 529 3481 Ἥχοῦντα.
546 3398 736 3481 βαρύθρομοντ
756 3397 880 3477 Μεγαλό-
962 3401 1122 3483 τετρεμαίνω
1152 3421 1159 3461 t
1183 3403 1299 3485 Τρέμω,
1332 3401 1515 3485 (παραγώγως.
1538 3403 1658 3476 ἐπίτηδες
1679 3407 1705 3464 δέ

104 3495 184 3569 ψοφον.
206 3501 268 3549 ῖῖοί.
284 3490 432 3571 βαρόηχον,
445 3485 489 3548 διδ
508 3490 554 3548 τδν
568 3493 620 3547 τῶν
639 3482 765 3565 κυμάτων
785 3488 877 3568 ψόφον.
921 3487 1029 3557 ἐξέτεινε
1040 3489 1088 3561 τὴν
1103 3489 1171 3559 λέξιν
1184 3489 1404 3572 τερατευόμενος).

106 3591 164 3636 M.
961 3578 1074 3653 αοε.(κεί
1093 3577 1167 3656 θέμις
1182 3578 1239 3638 ἐστὶ
1258 3598 1265 3638 :
1283 3578 1336 3637 Καὶ
1351 3581 1373 3636 εἰ
1392 3576 1497 3646 εὖσιόές
1515 3581 1569 3639 ἐστι
1589 3580 1634 3639 καί
1652 3579 1704 3659 μὴ,
1719 3606 1745 3644 ³5

73 3695 94 3728 rr,
139 3688 184 3727 τε.
204 3661 376 3747 [σελαγεῖται
396 3685 404 3724 :
425 3664 494 3724 Ἀντί
510 3669 558 3724 τοῦ
578 3662 791 3738 καταλάμπεται.
810 3660 879 3722 ἐοικε
910 3669 913 3674 ’
933 3663 1010 3742 χέσαι
1025 3663 1090 3746 έχω.
1105 3667 1141 3732 ώς
1152 3663 1204 3724 θπδ
1215 3670 1262 3723 τοῦ
1276 3664 1357 3747 φόόου
1371 3665 1596 3747 προειλημμένος,
1607 3667 1654 3726 καλ
1668 3668 1705 3746 μὴ

104 3754 127 3812 δὲ
135 3754 361 3830 λέγειντδνῆλιον.
374 3754 430 3812 ἐπεί
438 3752 484 3811 καί
494 3755 518 3811 οἱ
527 3750 646 3834 τραγικοὶ
654 3751 774 3809 εἰώθασιν
781 3751 880 3832 όφθαλ-
922 3750 1065 3829 δυνάμενος
1078 3754 1204 3834 ἀνασχεῖν
1217 3751 1265 3812 ἐτι.
1281 3751 1358 3834 όγάρ
1378 3751 1552 3833 ἐπιστάμενος
1564 3751 1604 3812 ότι
1619 3753 1656 3831 μὴ
1668 3756 1708 3814 δεῖ

103 3842 145 3916 μὸν
165 3842 299 3917 ὀνομάζειν
321 3841 413 3902 αὐτόν.
438 3839 547 3912 τοιαότη
573 3837 635 3908 δόξα
655 3837 711 3897 ἐστί
727 3847 880 3918 πειραταῖς
921 3837 1097 3913 οίιτωπσιεῖν,
1109 3832 1167 3898 εἶτα
1182 3845 1259 3900 τοῦτο
1273 3839 1346 3899 οὐδέν
1359 3831 1438 3911 ἧττον
1449 3843 1542 3917 ποιῶν,
1555 3841 1606 3900 ὑπὸ
1620 3842 1707 3919 μείζο·

102 3929 250 4011 φθασόφοις,
270 3927 350 4008 όμμα
369 3927 469 4011 αἰθέρος
485 3930 576 3988 καλεῖν
587 3928 633 3987 τὸν
651 3927 734 4000 ἥλιον.
748 3961 790 3972 -
803 3927 879 4006 όμμα
921 3949 964 3993 νος
984 3925 1101 4006 ἀνάγκης
1117 3925 1272 4007 ἐξαγόμενον
1293 3929 1329 3994 εἰς
1347 3925 1377 3986 τδ
1395 3930 1558 4008 παρανομεῖν
1579 3927 1706 3989 δείκνυσιν

103 4016 190 4098 αἰθέρος
207 4016 251 4075 τὸν
267 4017 345 4088 ἥλιον
365 4016 435 4077 ἔοικε
454 4016 549 4096 λέγειν·
570 4017 627 4075 ἐπεῖ
647 4015 696 4075 καλ
718 4019 743 4074 οἰ
757 4016 879 4098 τραγικοί
922 4013 1038 4095 ἐαυτόν.)
1718 4039 1746 4079 ιο

72 4130 93 4164 ιυ
106 4103 214 4168 εἰώθασιν
224 4106 309 4174 οὕτως
323 4111 425 4178 καλεῖν,
442 4104 576 4188 ὀφθαλμὸν
593 4104 704 4177 δηλαδή.
719 4105 775 4164 ἐστι
792 4102 819 4163 δί
834 4103 879 4163 καί
961 4123 1009 4162 τοι.
1032 4103 1076 4185 ψοθ
1088 4102 1125 4180 μὴ
1141 4104 1249 4186 σκόνψης
1265 4107 1371 4164 τΤοῖῖτο
1382 4108 1448 4181 όμοῖι
1458 4102 1506 4181 μέν
1520 4105 1704 4187 δΣωκράτ-ης,

103 4193 166 4272 παρδ
174 4197 226 4261 τοῖς
236 4194 392 4276 φιλοσόφοις
403 4192 512 4265 τοιαύτη
523 4193 598 4266 δόξα,
610 4192 678 4252 ώστε
690 4191 823 4274 ὀφθαλμὸν
833 4193 879 4252 καί
922 4191 967 4248 καί
987 4195 1023 4258 ώς
1036 4197 1197 4274 περιφρονῶν
1208 4191 1242 4251 τδ
1259 4190 1424 4274 ἀνθρώπινα,
1442 4195 1541 4258 πιστῶς
1559 4191 1641 4271 λέγει,
1660 4194 1705 4252 καί

104 4283 208 4359 ἡγεμόνα
220 4285 386 4364 τοῖιώρανοῶ
392 4285 494 4342 καλεῖν.
504 4292 551 4340 LB.
563 4282 781 4360 καταλάμπεται.
798 4282 879 4362 δῖοι]
921 4275 981 4345 τοὺς
993 4282 1040 4348 τῆς
1058 4280 1199 4361 κωμῳδίας
1212 4279 1323 4352 ποιητὰς
1340 4278 1483 4357 ἡγούμενος
1498 4278 1618 4351 ἀθλίους,
1639 4283 1704 4357 ὁμοῦ

103 4370 168 4445 ὄμμα
179 4369 280 4451 αἰθέρος
295 4370 344 4430 τὸν
362 4372 436 4442 ἥλιον
447 4370 529 4450 λέγει.
540 4383 569 4430 R.
582 4373 757 4452 ἐκπυροῦται,
776 4369 880 4447 λάμπε·
922 4365 1007 4425 δίκαί
1021 4366 1220 4449 Ἀριστοφάνης,
1235 4371 1314 4427 αὐτοῦ
1327 4367 1374 4446 μίν
1389 4369 1432 4440 οὗ,
1447 4371 1498 4426 τῶν
1510 4367 1538 4426 δὲ
1554 4366 1640 4425 ἀλλων
1652 4391 1705 4428 κω-

103 4480 148 4516 ται,
158 4471 185 4516 Ιι.
194 4457 343 4535 λάμπεται.
358 4472 390 4517 V.
720 4477 727 4490 ⁹
922 4454 1103 4537 ἰέθίἐοῖέἀφων
1122 4455 1310 4536 ἀτεχνοόντων,
1324 4459 1360 4523 ὡς
1381 4453 1579 4514 καταλιπόντων
1596 4453 1643 4533 μέν
1655 4455 1703 4530 την
1716 4474 1745 4515 ιο

73 4575 92 4612 ιε.
137 4545 299 4628 μαρμαρέαις
321 4569 330 4610 2
351 4556 410 4614 ταῖς
427 4547 572 4628 λαμπραῖς.
598 4546 758 4628 μαρμαίρειν
778 4545 830 4629 γάρ
849 4545 879 4605 τδ
921 4543 1038 4622 ποίησιν,
1049 4549 1096 4603 τοῦ
1110 4544 1137 4602 δὲ
1148 4543 1278 4604 σκώπτειν
1295 4541 1434 4624 ἐχομένων.

103 4639 214 4713 λάμπειν.
225 4649 258 4696 V.
962 4635 985 4691 σί
998 4632 1201 4713 τρυγοδαίμονες
1223 4653 1229 4693 :
1250 4636 1285 4694 Οἱ
1306 4631 1422 4704 ποιηταί·
1444 4629 1533 4703 ἐπειδὴ
1553 4630 1600 4703 τὴν
1620 4631 1704 4714 τρόγα

136 4747 181 4787 m.
203 4725 416 4804 ἀποσεισάμεναι
435 4745 442 4784 :
455 4723 690 4804 διασκορπίσασαι,
702 4721 750 4794 την
762 4745 880 4804 χειμερι·
921 4718 1069 4802 χρεόμενοι,
1083 4719 1126 4780 ἵνα
1139 4721 1177 4800 μὴ
1192 4719 1318 4802 γνώριμοι
1329 4719 1470 4800 γένωνται,
1482 4718 1562 4788 οὕτως
1573 4719 1607 4779 τδ
1619 4723 1704 4781 αὑτῶν

102 4813 143 4884 ιε’,ν
155 4816 264 4888 ἀπειλὴν
278 4812 476 4874 ἀποὸαλυῖσαι.
487 4825 515 4871 R.
526 4825 557 4869 V.
921 4803 984 4890 ᾖδον
999 4811 1137 4888 ποιήματα
1152 4809 1222 4870 κατδ
1236 4809 1282 4878 τθς
1300 4809 1372 4878 όδοδς
1390 4807 1494 4886 ἇμάξης
1508 4809 1703 4886 ἐπικαθήμενοι.

136 4923 181 4964 τω.
202 4903 347 4971 ἀθανάταις
355 4889 453 4968 ἰδέαιςτ
464 4899 559 4980 [Emi
570 4901 615 4960 καί
626 4901 810 4976 γυναικοειδιῖς
824 4903 878 4959 εἰσ·
921 4897 962 4957 διδ
973 4897 1019 4957 καί
1028 4898 1171 4980 παροιμία,
1180 4901 1215 4966 ὡς
1224 4897 1251 4967 ἐξ
1263 4896 1365 4975 ἀμάξης
1374 4898 1464 4970 λαλεῖ,
1474 4897 1553 4976 ἤγουν
1567 4900 1704 4981 ἀναισχύν-
1717 4922 1745 4963 σο

70 4990 162 5060 ,ηιέναι
183 4991 324 5069 μέλλουσι,
340 4995 419 5073 τρῖιτο
433 4987 562 5066 λέγουσιν,
579 4989 878 5070 ἐμπαρασκευαζόμεναι
921 5011 972 5054 τως
993 4985 1100 5068 θόρίζει.
1131 4993 1207 5046 τοῦτο
1230 4985 1257 5046 δέ
1280 4984 1383 5044 ἐποίουν
1407 4988 1431 5044 οί
1450 4984 1564 5062 κωμικοί
1585 4983 1705 5060 ποιηταί.

102 5079 145 5150 τὴν
154 5080 260 5155 εἴσοδον,
269 5085 307 5147 ὡς
318 5080 410 5156 ὅμοιαι
423 5076 472 5155 μὲν
483 5084 536 5142 τοῖς
546 5075 635 5143 ἀλλοις
647 5080 713 5142 θεοῖς
727 5067 817 5148 οθσαι,
829 5099 878 5134 πε·
920 5073 1031 5142 Ἄλλως.
1045 5079 1068 5134 οἱ
1081 5075 1206 5152 κωμικοί,
1225 5073 1297 5155 παρδι
1309 5075 1339 5133 τδ
1353 5075 1553 5152 κακοδαίμονες,
1567 5073 1624 5132 ἐπεὶ
1636 5077 1702 5134 πυλ-

105 5169 237 5245 ρικείμεναι
252 5167 281 5228 δέ
293 5169 388 5249 νέφους
400 5164 458 5225 τινά
469 5164 555 5246 φύσιν.
616 5163 727 5231 1ἰθλλως.
746 5163 878 5231 ἀθανάτας
920 5163 962 5223 λσί
975 5168 1007 5243 τῇ
1020 5161 1189 5243 αἰσχροποιίσγ
1199 5165 1323 5242 ἐχρῶντο.
1337 5161 1524 5240 κακοδαίμονες
1533 5161 1702 5243 δέ,παρόσον

106 5254 165 5323 ἰδέας
176 5266 268 5318 κεῖται.
281 5259 329 5316 καί
344 5256 415 5315 ἐστιν
429 5257 512 5314 ἐνικὸν
523 5257 548 5314 ἐν
559 5260 650 5335 γενικῇ
662 5254 770 5312 πτώσει.
784 5253 876 5331 μέλλει
921 5252 1044 5332 ἀφέμενοι
1062 5257 1113 5310 τῶν
1135 5251 1210 5310 θείων
1226 5250 1286 5330 περὶ
1304 5250 1334 5310 τὸ
1353 5250 1482 5310 σκώπτειν
1500 5250 1644 5331 τρέπονται.
1662 5289 1703 5306 .-

216 1611 257 1662 εῖτ’
270 1611 388 1662 Ὠκεανοῦ
399 1611 486 1675 πατρὸς
497 1610 521 1659 ἐν
532 1610 625 1669 κήποις.
