4100 6109
264 433 301 481 ιι
722 390 727 399 ’
812 413 1011 474 εοιιοιιι
1039 412 1086 471 ιιι
1113 413 1319 486 neumas.

207 573 212 580 ·
255 547 370 615 Ἄλλως.
392 546 526 628 ίπαράτην
545 543 740 625 παραδέχεσθαι
765 543 803 623 ἀφ’
825 541 917 601 ίνδειια
939 542 1040 608 κώπαις
1084 541 1316 622 Λακεδαιμονίους,
1329 541 1404 622 μάχῃ
1427 539 1595 621 κατορθώσας
1616 543 1652 610 νζ’
1670 547 1734 610 ναῦς
1754 544 1867 626 διέφθει-

262 636 320 707 έξῆς
333 635 386 694 ἀπὸ
400 638 450 693 τῶν
468 637 605 693 ναυτικῶν.
626 631 758 691 τουτέστιν
777 629 831 688 ἀπὸ
848 635 895 687 τοῦ
906 628 1040 708 -κυθερνθν
1084 649 1135 707 ριν.

263 724 309 782 καί
320 729 367 782 τοῦ
378 723 453 804 ῥόθου
462 721 493 779 τὸ
505 720 544 802 ἀφ’
554 719 646 778 ἕνδεκα
658 717 760 784 κώπαις
770 716 911 795 ἐπήγαγεν.
923 715 940 786 ἢ
951 713 1040 786 ἐπειδὴ
1123 733 1172 774 σοι.
1194 716 1224 773 ἐκ
1239 719 1291 774 τῶν
1308 715 1395 774 σίλλων
1414 738 1442 774 τε
1459 719 1523 775 θεῶν
1535 737 1542 776 :
1559 717 1609 777 Ἐκ
1632 722 1683 776 τῶν
1698 717 1783 778 τίλλων
1797 723 1868 778 θεῶν

264 815 288 870 οἱ
301 811 430 882 Ἀθηναῖοι
444 812 495 866 τῶν
510 809 636 866 ναυτικῶν
650 805 822 881 ἐπιστήμονες
835 795 915 876 ἦσαν.
1084 797 1115 857 αδ
1128 797 1204 878 μόνος
1218 802 1293 881 δεῦρο
1303 801 1360 860 ἐλθὲ
1376 802 1520 873 Ἀθηναίοις
1533 803 1596 884 πρὸς
1611 804 1641 864 τό
1651 806 1791 886 παρεστὸς,
1802 829 1869 864 του-

237 931 252 968 ⁶
304 918 353 958 οιτ.
371 892 496 968 ληναΐτην
512 915 519 955 :
536 892 633 974 Ἑορτλ
643 891 716 973 παρδι
729 900 782 959 τοῖς
794 891 934 962 Ἀθηναίοις
946 888 981 950 τά
990 887 1044 959 Λή·
1083 885 1230 969 τέστιπρθς
1247 889 1280 948 τά
1299 887 1474 968 παρόντακαλ
1499 893 1627 951 ἐνεστῶτα
1642 893 1899 973 πράγματαέπείσ

264 1007 342 1055 ναια,
360 983 388 1040 ἀν
406 975 425 1061 ᾗ
442 981 523 1062 μέχρι
539 986 584 1038 νῦν
606 979 776 1056 ἀγωνίζονται
798 976 907 1048 ποιηταί
925 974 1044 1054 συγγρά-
1084 973 1178 1032 νεωστί
1188 976 1317 1048 Ἀθηναῖοι
1328 975 1483 1056 Φορμίωνος
1507 980 1777 1060 στρατηγοῦντοςπερί
1800 1003 1867 1039 ναυ-

264 1067 354 1150 φοντίς
367 1074 425 1126 τινα
441 1067 550 1149 ᾄσματα
560 1071 606 1124 τοῦ
618 1068 777 1143 γελασθῆναι
787 1062 876 1144 χάριν.
890 1061 954 1143 ὅπερ
964 1066 979 1120 ὁ
988 1066 1044 1133 Δη-
1086 1059 1186 1144 μαχίαν
1201 1062 1414 1142 ἠνδραγάθησαν.

265 1154 389 1234 μοσθένης
405 1157 512 1222 Iam,
536 1161 570 1226 ιο]
591 1143 662 1211 εἶπεν
682 1151 708 1220 ἐξ
730 1151 842 1228 ἁμάξης.
867 1149 912 1208 ἀπὶ
935 1147 1044 1227 ἁμαξῶν
1125 1168 1175 1210 σοι.
1197 1151 1337 1227 εὐλογῆσαι
1360 1149 1506 1229 βουλόμεθα
1530 1172 1537 1212 :
1558 1151 1599 1213 Τδ
1616 1152 1748 1233 ἐπίρρημα
1766 1154 1869 1232 στίχοιν

265 1243 317 1324 γάρ
337 1245 362 1301 οί
382 1240 486 1322 ᾄδοντες
504 1239 647 1317 καθήμενοι
658 1236 765 1317 λέγουσί
783 1260 812 1296 τι
831 1237 877 1296 καί
900 1235 990 1317 ᾄδουσι
1011 1233 1045 1292 τά
1087 1235 1142 1294 ἐστὶ
1155 1237 1188 1304 ις’
1197 1237 1381 1319 τετραμέτρων
1392 1243 1538 1317 τροχαϊκῶν
1553 1241 1779 1314 ἀκαταλήκτων,θ
1796 1244 1871 1322 φιλεῖ

228 1359 253 1399 1⁰
265 1327 412 1404 ποιήματα.
490 1362 496 1373 -
1087 1320 1277 1404 Ἀριστοφάνης.
1290 1323 1396 1403 [ὁμοίως
1410 1324 1437 1383 δὲ
1448 1324 1494 1383 καλ
1504 1325 1534 1385 τό
1546 1327 1736 1408 ἀντιπίρρημα.
1749 1331 1828 1406 διπλῇ
1844 1330 1870 1386 δ’
1887 1343 1917 1382 ιο

305 1435 354 1475 σου.
376 1409 494 1495 [φαιδρός
511 1410 645 1488 λάμποντι
663 1409 777 1489 μιτόιπω
794 1408 927 1489 τἹλαρδς,
941 1407 1047 1491 φαιδρός
1088 1407 1168 1491 ἀμφω
1188 1417 1369 1494 παραιτοῦνται.
1386 1411 1455 1470 ἀλλά
1471 1415 1502 1471 τὸ
1518 1412 1564 1490 μίν
1580 1419 1613 1486 τῆ
1630 1414 1686 1474 ’ἔσω
1703 1415 1805 1487 διάτλν
1819 1421 1869 1475 ἀν·

266 1502 297 1561 τὸ
307 1499 435 1580 μέτωπον.
455 1496 474 1570 ἢ
492 1497 536 1558 διδ
548 1498 578 1557 τὸ
590 1497 723 1580 φαλακρὸν
741 1470 809 1556 είναι
823 1498 868 1556 τὸν
885 1497 1045 1578 Ἀριστοφά-
1087 1495 1235 1568 ταπόδοσιν,
1245 1497 1276 1556 τδ
1287 1495 1315 1556 δὲ
1329 1521 1361 1577 τη
1376 1497 1445 1577 ἔξω]
1460 1481 1639 1578 εὐλογῆσαίδέ
1653 1502 1711 1560 ἀντὶ
1724 1510 1770 1562 τοῦ
1786 1508 1868 1563 ἀπαι-

267 1591 338 1668 νην.]
1088 1580 1175 1656 νέσαι,
1190 1588 1304 1660 ίμνῦμαι
1311 1629 1320 1658 ,
1333 1586 1507 1662 ἐγκωμιάσαι.

307 1695 355 1736 ιιι.
376 1671 520 1741 ἵππι’ἄναξ
536 1670 664 1732 Πόσειδον
677 1693 685 1732 t
698 1673 892 1754 Οθκάργῶςτῷ
904 1673 1048 1731 Ποσειδῶνι
1075 1703 1080 1710 ·
1128 1690 1178 1731 σοι.
1201 1671 1267 1740 άξιοι
1285 1673 1393 1732 καὶτοῦ
1405 1673 1506 1732 πέπλου
1520 1693 1528 1733 t
1542 1673 1607 1754 ἸδέαΙ
1629 1674 1703 1756 παρά
1724 1687 1776 1746 τοῖς
1788 1679 1870 1752 Ἀθη-

230 1783 256 1829 ιι
267 1770 313 1822 νῦν
326 1761 357 1820 τὸ
370 1760 486 1820 ἐπίθετον
506 1757 585 1830 ἔθηκε
602 1765 695 1837 τοῦτο,
713 1758 771 1817 ἐπεὶ
790 1759 835 1817 καί
849 1759 924 1825 αὐτὸς
941 1763 956 1816 ὁ
972 1758 1049 1838 χορὸς
1089 1754 1169 1822 ναίοις
1179 1755 1276 1824 πέπλος
1290 1757 1320 1816 τὸ
1334 1757 1445 1838 ἄρμενον
1456 1765 1503 1831 τῆς
1518 1763 1721 1832 Παναθηναῖκῆς
1740 1762 1817 1837 νεὼς,
1832 1767 1869 1837 ἣν
1888 1789 1915 1828 ις,

269 1851 424 1921 συνέστηκεν
443 1846 470 1916 ἐξ
487 1845 598 1906 ἱππέων.
619 1845 808 1922 ἀποσεμνύνειν
829 1837 873 1904 σῦν
894 1845 1049 1924 βουλόμενος
1090 1845 1114 1900 οἱ
1126 1843 1255 1915 Ἀθηναῖοι
1266 1845 1533 1926 κατασκευάζουσιτῇ
1546 1851 1596 1927 θεῷ
1607 1847 1651 1906 διά
1667 1853 1871 1933 τετραετηρίδος.

269 1937 300 1995 τό
308 1935 473 2012 ’ἐπιτήδευμα
483 1933 512 1991 τὸ
522 1937 611 2005 αὑτοῦ,
620 1931 689 1991 οὕτω
697 1932 741 1992 τθν
751 1934 904 1992 Ποσειδῶνα
913 1933 1049 2013 προσείἰτε,
1090 1919 1120 2000 ἧς
1134 1928 1179 1987 καί
1191 1929 1239 2000 τὴν
1253 1929 1361 2008 πομπὴν
1377 1931 1430 1990 ἀπὸ
1443 1939 1488 1992 τοῦ
1502 1937 1667 2013 Κεραμεικοῦ
1676 1941 1777 1996 ποιοῦσι
1790 1937 1872 2020 μέχρι

269 2021 400 2083 τουτέστιν
414 2018 515 2080 ίππικέ.
547 2021 594 2086 Et<
610 2018 641 2077 τθ
660 2018 733 2079 αὐτό.
750 2019 840 2090 διπλῆ.
858 2010 1049 2097 ε’ίταάπάγεται
1090 2021 1136 2073 τοῦ
1149 2015 1320 2078 Ἐλευσινίου.
1339 2017 1438 2078 πέπλον
1450 2019 1477 2078 δὲ
1492 2023 1602 2079 καλοῦσι
1615 2022 1645 2080 τὸ
1662 2022 1772 2102 ἄρμενον
1783 2026 1825 2082 διὰ
1840 2028 1873 2084 τὸ

269 2107 462 2192 ἀπιρρηματικὴ
485 2097 653 2183 ουζυγία.“ἥς
669 2105 738 2183 μέλη
753 2107 799 2164 καί
814 2105 930 2187 περίοδοι
947 2106 998 2164 εἰσί
1016 2107 1047 2164 ιδ’
1091 2102 1182 2180 ἀραιὸν
1202 2103 1266 2162 αὐτὸ
1288 2095 1365 2164 εἶναι.
1414 2103 1524 2174 Ἄλλως.
1545 2108 1656 2167 καὶτοῦ
1677 2110 1777 2168 πέπλου
1800 2133 1807 2172 :
1827 2105 1872 2171 05

230 2231 257 2268 ω
270 2197 370 2256 κώλων.
389 2185 426 2253 ῶν
445 2192 479 2252 τά
493 2192 541 2270 μὲν
555 2191 624 2251 ὀκτὼ
636 2191 801 2272 χοριαμάικά
815 2191 942 2271 ἰαμθικὴν
956 2193 1050 2273 ἔχοντα
1091 2189 1236 2269 ἐγέγραπτο
1250 2191 1422 2268 Ἐγκιλαδος,
1436 2192 1465 2252 θν
1478 2195 1578 2252 ἀνεῖλεν
1591 2199 1609 2266 ἡ
1628 2195 1728 2268 Ἀθηνᾶ.
1742 2190 1774 2269 ἦν
1787 2197 1815 2257 δὲ
1833 2192 1873 2266 εἷς
1887 2221 1917 2260 το

270 2279 477 2361 ίπιμεμιγμένην
487 2279 723 2351 ἀκατάληκτονκαλ
733 2279 1051 2360 καταληκτικλνθιςάντῷ
1091 2281 1142 2336 τῶν
1158 2279 1299 2357 Γιγάντων.
1320 2281 1507 2348 ἀπεσκευάζετο
1520 2271 1564 2340 οθν
1586 2286 1600 2340 θ
1619 2283 1718 2352 πέπλος
1732 2286 1792 2344 καθ’
1808 2285 1874 2344 ἕκα-

271 2372 290 2428 ε’
302 2368 348 2428 καλ
358 2368 394 2441 η’.
403 2367 485 2426 τῶνδ’
493 2365 551 2438 έξῆς
562 2367 771 2424 ἀντισπαστικῶν
780 2365 869 2443 τάμδν
878 2367 901 2424 θ’
910 2366 956 2426 καλ
968 2366 984 2424 ι’
992 2367 1049 2449 τρέ-
1093 2387 1152 2424 στον
1175 2366 1299 2438 ένιαυτὸν,
1311 2367 1355 2426 καλ
1369 2367 1531 2445 ἐπομπείετο
1551 2369 1577 2426 ἀν
1594 2371 1650 2437 τοῖς
1666 2372 1870 2440 Παναθηναίοις.

272 2479 354 2538 μετρα
371 2452 563 2525 καταληκτικά.
577 2450 611 2511 τά
625 2451 745 2512 δὲλοιπδι
756 2453 867 2538 δίμετρα
880 2453 1051 2526 ἀκατάληκτα
1092 2450 1200 2520 Ἄλλως.
1219 2453 1370 2524 νικήσαντες
1390 2455 1490 2514 πέπλον
1509 2457 1635 2529 ἐποίησαν
1652 2463 1685 2538 τῇ
1706 2459 1801 2542 Ἀθηνᾷ
1823 2462 1873 2520 καλ

271 2541 421 2604 Γλυκώνεια
438 2543 468 2600 ἐκ
479 2539 626 2622 διτραχαίου
638 2538 684 2596 καί
694 2538 805 2617 ίιίμὸου,
821 2538 889 2609 πλὴν
901 2545 946 2599 τοῦ
962 2543 1050 2599 τελευ-
1093 2540 1206 2600 ίνέθεντο
1214 2540 1273 2607 τοὺς
1284 2541 1403 2622 ἀρίστους
1414 2546 1441 2601 έν
1454 2546 1533 2624 αὐτῷ.

232 2661 260 2698 2¹»
274 2630 349 2690 ταίου
370 2625 600 2710 ίφθημιμιροῦς,θ
620 2628 740 2684 καλεῖται
761 2626 950 2708 φερεκράτειον.
965 2629 1052 2708 [θφ’θ
1133 2649 1181 2690 σοι.
1203 2629 1359 2711 ναυφροίκτῳ
1376 2623 1481 2711 στρατῷ
1494 2651 1501 2690 :
1516 2633 1541 2690 Τ
1541 2655 1564 2710 ῳ
1580 2635 1818 2715 συμπεφραγμένῳ“
1825 2636 1873 2693 καὶ
1888 2669 1913 2709 25

273 2707 444 2796 παράγραφος
457 2713 599 2784 nal-&mli
617 2711 669 2771 ἔσω
688 2713 836 2783 νενευκυῖα,
853 2712 969 2783 δηλοῦσα
983 2713 1052 2793 ἔχειν
1072 2721 1076 2741 ”
1094 2715 1293 2794 συντεταγμένην
1305 2721 1429 2796 ναυτικῷ.

273 2802 454 2864 ἀνταπόδοσιν.
467 2802 520 2868 τοῖς
535 2797 659 2866 αθτοῖςδὲ
677 2799 752 2870 καὶὴ
771 2798 928 2880 ἀντιστροφὴ
945 2798 1052 2878 σύγκει-
1097 2864 1099 2868 ,
1134 2819 1182 2862 ατο.
1204 2801 1347 2882 ἠρίθμησεν
1361 2823 1368 2863 :
1387 2801 1587 2881 Ἀπεδειλίασεν,
1604 2805 1660 2881 μεθ’
1672 2806 1782 2885 ἡσυχίας
1797 2799 1871 2886 ἦγεν.

272 2914 327 2950 ται.
342 2889 382 2970 ἀφ’
393 2881 425 2960 ἥς
438 2891 476 2968 τῷ
493 2885 563 2945 τέλει
576 2885 622 2944 δύο
632 2887 724 2944 διπλαῖ
740 2884 789 2954 ἔξω
801 2889 960 2962 νινευκυῖαι,
975 2893 992 2959 ἡ
1005 2885 1053 2966 μίν
1135 2887 1245 2965 ἀμυνίας
1258 2910 1266 2948 :
1280 2885 1408 2966 Ἕταιρος
1421 2889 1486 2972 πρὸς
1501 2889 1531 2950 τδ
1547 2893 1655 2968 ἀμῦναι,
1674 2895 1709 2959 ὡς
1722 2894 1766 2952 ίπί
1779 2898 1830 2954 τῶν
1842 2900 1872 2955 ἓν

273 2979 301 3035 ε’ν
313 2979 384 3056 ἀρχῇ
400 2980 445 3034 τοῦ
454 2973 584 3045 κώλου,ἡ
600 2969 627 3030 δὲ
639 2971 708 3030 κατὰ
719 2970 749 3029 τδ
760 2969 856 3050 τέλος]
1094 2975 1166 3052 πάλη
1182 2977 1386 3053 ἀγωνιζομένων.

235 3093 262 3132 ³0
313 3083 361 3122 τοι.
374 3059 557 3140 χαλκοκρότων
570 3078 577 3118 :
588 3059 777 3130 Καλκοπόδων,
788 3058 906 3117 τουτέστι
916 3053 1054 3126 τάςθπλάς
1135 3079 1183 3119 ιτι.
1198 3061 1221 3117 εί
1241 3059 1270 3118 δέ
1287 3083 1336 3120 που
1355 3061 1458 3120 πέσοιεν
1473 3082 1481 3122 :
1499 3061 1659 3136 ’Πττηθεῖεη
1677 3057 1754 3135 ἧττον
1770 3066 1873 3146 ἔχοντες
1888 3101 1917 3142 20

275 3147 384 3229 ίσχυράς
394 3147 516 3228 ἐχόντων.
529 3144 666 3223 συμόαίνει
677 3143 729 3225 γάρ
739 3148 814 3224 ἠχεῖν
824 3144 872 3217 τλν
881 3151 930 3223 γῆν
940 3147 986 3224 καλ
996 3171 1055 3206 κτυ-
1097 3145 1240 3206 ἀπέλθοιεν.
1268 3147 1377 3215 Ἄλλως.
1389 3139 1453 3216 εἶδος
1464 3150 1660 3227 παλαίσματος,
1672 3151 1688 3210 δ
1699 3177 1765 3221 τινες
1779 3157 1874 3234 ψευδό-

211 3272 216 3281 ·
274 3241 333 3295 πεῖν
345 3233 546 3316 έπικρουομένην
560 3240 613 3299 τοῖς
625 3231 689 3291 ποσί
697 3235 748 3290 τῶν
759 3231 871 3301 ἵππων.
1096 3257 1193 3310 πτωμα
1206 3235 1339 3294 καλοῦσιν.
1355 3233 1475 3312 ἐπέμεινε
1494 3233 1521 3293 δί
1537 3241 1570 3314 τῇ
1584 3241 1679 3317 τροπῇ.
1694 3239 1738 3297 καί
1752 3238 1803 3320 γδρ
1820 3245 1873 3298 τῶν
1919 3256 1929 3265 ·

314 3342 363 3383 σοί.
384 3319 558 3398 κυανέμῦολοι
573 3341 581 3380 t
595 3318 673 3380 Ἤτοι
687 3322 716 3378 αί
728 3318 787 3386 τοὺς
802 3318 930 3397 έμθόλους
947 3318 1055 3400 ἔχωσαν
1096 3319 1261 3378 παλαιόντων
1282 3323 1306 3378 οἱ
1325 3323 1360 3386 είς
1381 3320 1424 3378 τδν
1444 3310 1516 3397 ῶμον
1533 3320 1670 3395 πεσόντες,
1688 3323 1875 3392 ἐξαναστάντες

276 3413 362 3488 κυανῷ
376 3406 568 3487 βεάαμμένους,
580 3409 616 3473 ὡς
633 3405 825 3485 μιλτοπάρῃοι,
842 3409 869 3464 αἱ
888 3407 1056 3486 μεμιλτωμέ-
1098 3405 1217 3466 εἰώθασιν
1232 3408 1338 3486 ἀπαράν
1351 3404 1399 3476 τὴν
1413 3407 1492 3478 κόνιν,
1506 3407 1549 3466 ἵνα
1564 3407 1601 3485 μὴ
1616 3408 1687 3488 ίχνος
1702 3409 1786 3489 ἔχοιεν
1805 3413 1874 3488 μηδὲ

237 3527 264 3566 ³⁶
276 3519 327 3554 ναι.
350 3493 368 3567 ἢ
387 3498 414 3553 αί
438 3493 579 3573 τέμνουσαι
599 3491 646 3564 τὴν
670 3492 817 3552 θάλασσαν·
838 3493 933 3552 κυανθν
953 3493 1004 3574 γὰρ
1025 3496 1056 3555 τό
1098 3493 1205 3572 ἔλεγχον
1223 3498 1268 3551 τοῦ
1281 3490 1431 3570 πτώματος.
1448 3493 1503 3553 θδὶ
1519 3494 1597 3573 λέγει,
1612 3495 1726 3555 τοιοῦτόν
1740 3500 1819 3556 ἐστιν·
1833 3499 1874 3556 ότι
1888 3533 1915 3572 ³⁵
1948 3488 1956 3499 ¹

276 3581 372 3653 ταύτης
382 3578 460 3659 ὕδωρ.
1098 3585 1122 3639 οί
1137 3579 1274 3660 πρόγονοι,
1291 3581 1313 3637 εἰ
1333 3579 1379 3636 καλ
1395 3583 1528 3652 ἡττηθεῒεν
1546 3585 1572 3641 ἐν
1590 3583 1682 3662 μάχῃ,
1700 3585 1780 3642 πάλιν
1799 3586 1873 3644 αὐτοὶ

313 3689 363 3746 ,τινα
385 3665 535 3748 μισθοφόροι
550 3666 680 3748 τριήρειςε
701 3667 736 3726 A!
747 3663 867 3734 τοδς,ίπλ
879 3670 964 3748 μισθῷ
980 3688 1057 3749 στρα-
1097 3665 1145 3738 τλν
1165 3659 1246 3738 ἧτταν
1267 3667 1439 3725 ἀνεκαλοῦντο
1455 3667 1556 3746 ταχέως
1573 3669 1618 3728 καλ
1639 3674 1693 3738 τρῖς
1712 3671 1873 3738 νενικηκόσιν

276 3754 431 3832 τευομένους
443 3752 562 3832 ἄγουσαι.
1099 3754 1268 3832 [ἡττηθεῖσιν]
1278 3755 1309 3812 έκ
1317 3751 1435 3835 δευτέρου
1442 3753 1521 3814 πλέον
1528 3760 1574 3827 τῆς
1582 3757 1711 3838 προτέρας
1720 3757 1793 3829 νίκης
1801 3758 1874 3816 οῦδὲν

316 3860 364 3899 σεο.
383 3837 605 3918 λαμπρυνομένων
620 3858 628 3899 :
643 3837 713 3898 Ἀντί
734 3841 781 3896 τοῦ
799 3838 987 3918 καυχωμένων,
1010 3841 1056 3899 καί
1099 3833 1140 3913 ἦν.

238 3958 266 3998 ςη
279 3926 446 3996 νικώντωνέν
457 3929 510 3992 τοῖς
522 3925 632 4008 ἅρμ’ςσι,
647 3959 651 3964 ·
1138 3945 1187 3988 στα.
1200 3924 1363 4005 ἀπεψήσαντ’
1375 3925 1407 3984 ἀν
1418 3945 1425 3986 :
1439 3925 1616 4003 Ἀπεμάξαντο
1627 3930 1662 3994 ὡς
1672 3931 1696 3988 οί
1707 3928 1875 4003 παλαίοντες,
1889 3975 1917 4015 40

318 4033 367 4074 σοι.
391 4010 648 4094 βαρυδαιμονούντων
661 4031 670 4072 z
683 4010 746 4070 Ὀτι
759 4009 844 4069 ἀθλιοι
858 4001 925 4083 ἦσαν
938 4015 963 4071 οἱ
974 4016 1057 4072 ἱππο-
1098 4012 1141 4072 ίνα
1155 4013 1236 4090 μηδὲν
1248 4010 1318 4091 ἴχνος
1329 4012 1413 4092 ἔχοιεν
1424 4011 1573 4091 πτώματος.
1586 4015 1747 4093 [διεπάλαιον
1761 4015 1801 4090 δὲ,
1816 4020 1875 4076 ἀνε-

278 4105 431 4183 τρηοῦντες
442 4099 675 4165 καταναλίσκοντες
686 4100 772 4156 αὑτῶν
785 4095 834 4169 τὴν
848 4099 947 4158 οὐσίαν.
1099 4100 1221 4170 πάλαιον,
1237 4099 1420 4178 ἀνεμάχοντο.]

223 4242 231 4259 ,
317 4207 367 4247 σοι.
389 4175 639 4265 ’ῶχρυσοτρίαιναε
660 4187 883 4266 Περιφραστικῶς.
901 4189 948 4256 τῆς
961 4185 1060 4246 θαλάτ-
1140 4205 1188 4245 οτι.
1209 4187 1260 4242 τῶν
1274 4191 1370 4264 προτοῦ
1383 4185 1623 4258 σίτησινεΣέτησιν
1632 4185 1702 4265 λέγει
1711 4189 1759 4259 τλν
1770 4191 1797 4247 ἐν
1809 4213 1876 4269 πρυ-

278 4297 325 4346 της
340 4274 459 4352 βασιλεῦ.
475 4271 636 4354 Σουνιάρατε
650 4269 695 4344 δέ,
712 4263 734 4352 ᾧ
753 4273 779 4330 ἀν
802 4275 840 4353 τῷ
856 4272 956 4352 Σουνίῳ
975 4277 1060 4354 ἀρῶν·
1100 4272 1194 4352 τανείιρ
1206 4267 1350 4351 τράπεζαν.
1370 4274 1489 4332 τουτέστι
1505 4274 1620 4355 δημοσίᾳ
1636 4275 1782 4370 τρέφεσθαν
1794 4277 1876 4344 οὐδεὶς

241 4392 268 4431 ςς
279 4383 323 4420 ται
338 4363 384 4420 καί
402 4359 533 4441 εὔχονται.
546 4357 670 4437 ξοάνων.
681 4357 709 4417 δέ
728 4357 889 4439 ἀκρωτήριον
906 4363 953 4432 τῆς
973 4360 1059 4420 Ἀττι-
1102 4357 1196 4417 ἀντῶν
1211 4361 1330 4417 παλαιῶν
1344 4359 1463 4431 ἠξίωσεν,
1474 4363 1508 4426 ῶς
1521 4364 1574 4418 τῶν
1586 4361 1645 4420 κατ’
1662 4361 1739 4420 αὐτὸν
1756 4385 1874 4443 στρατη·
1891 4409 1917 4448 45

280 4453 336 4520 κῆς.
465 4513 473 4528 γ
576 4437 582 4448 ’
1078 4451 1154 4526 ’γῶν
1168 4451 1243 4504 τοῦτο
1256 4446 1406 4520 ποιούντων,
1423 4447 1514 4513 καίὼς
1528 4448 1571 4506 ἐπὶ
1590 4452 1675 4528 μισθῷ
1695 4449 1876 4528 ὑφισταμένων

320 4556 369 4596 σοι.
381 4532 519 4616 Γεραίστιε
532 4552 540 4593 t
552 4492 693 4620 Κερῶπὸς
702 4531 864 4613 ἀκρωτήριον
874 4537 920 4605 τῆς
933 4531 1059 4605 Εὖόοίας,
1100 4533 1265 4613 κατορθῶσαί
1276 4537 1343 4612 τιτῇ
1355 4531 1439 4594 πόλει.
1451 4531 1559 4600 Ἄλλως.
1573 4539 1725 4615 στρατηγῶν
1737 4535 1877 4606 Ἀθηναίων

281 4628 314 4704 τῇ
334 4622 382 4701 μὲν
398 4618 640 4702 Κρωμνίτηνίέχον,
655 4624 688 4698 τῇ
703 4619 731 4677 δὲ
751 4617 876 4698 Λέχαιον.
891 4617 949 4701 ίερθι
967 4619 996 4678 δέ
1009 4623 1059 4679 εἰσι
1100 4623 1153 4678 τῶν
1167 4618 1292 4700 πρότερον
1305 4619 1386 4688 οὐδεὶς
1399 4619 1450 4700 πρὸ
1461 4626 1507 4679 τοῦ
1521 4619 1636 4697 πολέμου
1652 4621 1754 4694 σίτησιν
1770 4623 1877 4701 ᾔτησεν,

257 4784 259 4787 ¹
281 4715 326 4768 τοῦ
341 4709 517 4782 Ποσειδῶνος,
530 4706 591 4766 ἔνθα
604 4709 619 4763 ὁ
633 4703 756 4787 Εὔριπος.
826 4769 831 4781 .
1103 4704 1133 4764 ἀν
1145 4705 1182 4783 μὴ
1194 4709 1208 4762 ὁ
1222 4707 1303 4784 δῆμος
1313 4706 1460 4786 χαρίζηται.
1472 4711 1516 4764 νῦν
1531 4705 1559 4764 δὲ
1571 4706 1615 4766 έάν
1626 4706 1663 4783 μὴ
1674 4713 1801 4784 τιμῶνται
1812 4733 1876 4788 προ-

234 4823 270 4862 .ςη
321 4816 370 4857 σου.
389 4794 535 4876 ’Φαρμίωνί
556 4817 586 4853 τε
609 4792 718 4874 φίλτατε
742 4813 749 4853 :
774 4786 990 4874 Προσφιλέστατε
1021 4798 1059 4876 τῷ
1102 4792 1174 4873 εδρίορ
1186 4790 1231 4850 καλ
1243 4791 1340 4862 σιτίοις,
1348 4795 1547 4870 ἀγανακτοῦσιν.
1561 4791 1663 4874 έσκωθε
1674 4793 1712 4855 δέ.
1720 4799 1749 4854 οὐ
1758 4795 1810 4878 γάρ
1820 4789 1877 4856 εἶπε
1892 4843 1918 4882 ω

282 4879 431 4962 Φορμίωνι.
442 4882 486 4940 τθν
498 4885 577 4959 μῦθον
593 4879 620 4938 δέ
637 4879 793 4953 αἰνίττεται,
811 4881 851 4938 ὅτι
864 4880 909 4938 καλ
927 4884 942 4938 ὁ
961 4883 1060 4940 Ποσει·
1103 4881 1216 4952 σίτησιν.
1237 4879 1283 4940 ἐὰν
1299 4879 1337 4957 μὴ
1356 4880 1481 4959 γένωνται
1499 4882 1620 4962 πρόεδροι
1637 4882 1682 4940 καί
1702 4889 1780 4961 τιμῆς
1800 4886 1878 4952 ἀΕαυ-

283 4971 333 5028 διῦν
345 4972 397 5027 τῶν
406 4967 547 5039 Ἀθηναίων
560 4966 749 5039 ἀντεποιήσατο
760 4967 805 5026 καὶ
818 4973 852 5049 τῇ
867 4968 962 5048 Ἀθηνᾷ
974 4967 1059 5049 ἤρισε.
1102 4972 1191 5038 θῶσιν,
1203 4970 1232 5025 οὐ
1244 4967 1407 5046 μαχέσεσθαί
1418 4989 1491 5048 φασι.

284 5055 427 5138 στρατηγός
439 5055 467 5114 δὲ
480 5054 620 5127 Ἀθηναίων
631 5053 822 5122 ναυτικῶτατος
837 5057 851 5112 θ
863 5056 1000 5134 Φορμίων,
1015 5055 1061 5113 καλ
1144 5055 1299 5114 Κλεαίνετον
1314 5076 1321 5114 :
1334 5047 1418 5120 Οὗτος
1430 5059 1444 5113 θ
1458 5055 1611 5123 Κλεαίνετος
1632 5056 1750 5137 φαίνεται
1766 5061 1877 5132 κατεδη-

284 5143 409 5210 πολλάκις
431 5141 575 5222 εὐτυχήσας
602 5135 629 5200 ἐν
645 5140 803 5220 ναυμαχίαις
827 5141 872 5200 καὶ
893 5143 919 5199 ἐν
939 5146 973 5220 τῇ
995 5141 1061 5221 πρὸς
1104 5140 1185 5208 δοκάις
1202 5139 1249 5212 τὴν
1266 5140 1355 5200 οὐσίαν
1375 5141 1419 5200 καλ
1441 5144 1618 5215 ἡδυπαθήσας.
1637 5148 1660 5203 οἱ
1682 5147 1726 5218 δέ,
1747 5138 1878 5215 ἀποίσεις
