4100 6109
833 427 960 489 rturr.
1615 452 1673 503 m

152 564 215 635 373,
231 561 295 619 33δ
311 559 349 619 tt.
360 563 431 635 neg.
448 562 534 620 llut'rr.
546 582 591 617 και
605 558 643 617 άλ.
657 564 737 617 tunt.
909 558 991 619 πίλου
1001 563 1035 623 Θ.
1048 563 1138 622 Addit
1146 565 1208 625 Ald.
1220 566 1374 647 περικλυτὸς
1384 567 1412 627 dl
1420 568 1574 653 ζωγράφοςδ
1584 571 1677 631 itm.

151 652 205 723 376
217 648 270 709 Ναὶ
285 648 315 706 οὗ
328 647 396 707 θέλω
412 660 441 705 et
456 646 765 728 σύναπτε-κατηγορεῖς
779 645 867 705 habet
909 648 966 715 λῆς.
981 670 1017 683 ·-
1034 652 1071 709 35
1086 651 1168 719 οὖδιλς
1192 652 1312 735 φαίνεται
1327 662 1362 715 V.
1376 700 1414 713 ...
1429 658 1466 716 36
1485 656 1629 740 Ἡρακλέος
1640 661 1676 721 Θ.

115 746 156 814 0„
166 762 199 799 ex
210 759 269 817 quo
285 742 321 812 39
334 736 365 797 τό
381 760 432 812 μου
446 736 586 796 additum.
911 735 958 794 hic
971 750 1000 795 ut
1012 739 1097 798 inira.
1120 740 1299 822 «Ἡρακλέους
1312 744 1428 827 θυγάτηρ
1448 760 1492 805 est
1514 749 1575 807 sine
1587 747 1677 807 dubio

150 835 201 903 377
213 849 270 887 om.
285 828 322 888 Θ.
334 832 368 885 ln
379 832 414 886 R.
428 838 471 885 est
486 826 572 885 λιίπιι
584 824 767 906 ἀναλώματος.
911 826 1045 901 Macaria,
1061 849 1125 905 quae
1135 850 1189 907 pro
1204 831 1294 890 salute
1308 833 1428 892 fratrum
1442 836 1678 895 Atheniensium-

151 922 213 993 379‚
226 926 262 988 47
276 912 598 997 φράξας-πεφραγμένος
615 928 645 973 et
664 914 692 975 tt
713 914 810 974 addita
830 933 868 971 ex
911 930 969 988 que
978 928 1100 973 mortem
1113 918 1303 977 voluntariam
1315 920 1415 979 subire
1423 942 1482 981 non
1493 922 1675 982 detrectavit.

115 1016 145 1067 v.
162 1005 233 1085 βυθὸς
256 1009 292 1063 G.
307 1002 384 1082 βυσὸς
399 1008 434 1063 V.
449 1042 490 1053 -
503 1005 539 1061 50
552 1002 741 1085 κοινωφίλιμοι
763 1006 810 1061 τοῦ
832 1002 867 1061 Θ.
911 1004 1034 1061 Pausau.
1044 1007 1067 1076 1,
1080 1007 1127 1075 ta,
1142 1005 1169 1066 5.
1180 1007 1326 1067 Zenobius
1335 1023 1431 1069 autem
1445 1031 1472 1085 a,
1486 1013 1575 1084 61,et
1587 1013 1675 1071 schol.

118 1094 238 1170 tld.,qui
251 1093 391 1149 omittunt
404 1096 450 1149 τοῦ
461 1090 758 1173 εὑρημένον-κέρδεσι.
773 1089 869 1167 Pergit
911 1089 1061 1169 Aristoph.
1078 1093 1113 1151 ad
1133 1099 1184 1171 Eq.
1201 1112 1228 1151 ν.
1248 1099 1322 1165 ιι4δ
1339 1099 1410 1177 ipsis
1424 1099 1483 1157 lere
1497 1099 1597 1159 verbis
1613 1122 1676 1157 con·

115 1191 157 1257 v,‚
169 1180 232 1246 τινὲς
242 1176 410 1258 ὥςὍμηρος
419 1178 570 1251 ὲπιπλήαας
582 1176 870 1257 νήματος-βεόυαρά-
912 1176 1033 1237 veniunt
1045 1197 1110 1236 cum
1124 1180 1307 1259 Apollodoro
1321 1204 1348 1253 a,
1368 1187 1396 1257 8,
1419 1207 1441 1243 ι.
1459 1187 1512 1244 Cui
1531 1206 1588 1245 nou
1611 1190 1676 1247 lecti

116 1289 236 1329 νον-ι
262 1265 396 1334 καταστάς
420 1268 510 1325 Paris.
526 1289 594 1326 -α
614 1265 669 1347 ἔχω
691 1271 783 1325 Dorv.
806 1266 868 1345 δωρ.
912 1267 1676 1355 οιιῃῑΕιινὶρίάιοΠετιιοίίάαεΡΗιιιιοτ.ι-4οἔγραψεν
1715 1306 1719 1313 =

116 1363 181 1437 ἡμῶν
194 1362 263 1435 Reg.
278 1396 316 1408 --
329 1368 344 1425 4
357 1357 554 1430 ἐπιθυμητικῶς
568 1364 605 1415 G.
624 1352 811 1433 ἐπιθυμητικὸς
830 1358 867 1414 V.
912 1349 971 1431 Ἧρ.
987 1358 1023 1411 V.
1037 1384 1068 1395 ··
1083 1362 1117 1422 4ι
1133 1354 1196 1415 ὅταν
1212 1358 1277 1439 Erip.
1293 1360 1329 1418 Θ.
1344 1359 1410 1418 Ald.
1424 1393 1462 1405 —-
1478 1368 1512 1429 44
1526 1363 1597 1442 αὐτῷ
1608 1363 1678 1423 Θ.-

151 1447 212 1516 3δι,
225 1445 251 1505 5.
270 1444 346 1502 lllud
359 1442 496 1525 ἐξοδιάζαιν
515 1443 726 1503 recentioribus
751 1442 868 1520 quidem
913 1447 948 1508 47
966 1439 1069 1499 παίδων
1084 1442 1151 1501 libri
1165 1450 1316 1521 praeterii.
1330 1452 1408 1515 -ru
1426 1450 1676 1529 παρακολουθουσῶν

116 1536 211 1594 Grecis
239 1552 382 1611 perquam
404 1532 552 1603 usitatum,
567 1534 640 1590 sicut
659 1553 696 1591 ex
719 1529 868 1609 Ducangio
912 1526 988 1605 λόγον
1004 1532 1111 1609 ὑπεῖχον
1127 1534 1164 1611 τῷ
1178 1532 1326 1609 ἰγκλήματι
1346 1534 1413 1593 Ald.
1432 1534 1678 1615 παρακολουθήσαις

116 1624 178 1681 iar.
192 1619 302 1689 Ἐξοδος
323 1633 504 1698 compertum
533 1620 686 1691 tabernac
708 1620 758 1679 sed
784 1620 869 1697 longe
912 1619 950 1695 τῷ
966 1618 1115 1696 ἐγκλήματι
1129 1620 1164 1679 Θ.
1179 1624 1317 1698 Sequitur
1334 1624 1363 1679 in
1378 1623 1423 1680 ed.
1441 1628 1521 1682 Junt.
1535 1624 1575 1701 [et
1595 1626 1678 1703 Regu]

117 1728 199 1772 tamen
208 1712 360 1779 vetustius,
375 1730 461 1788 quam
475 1710 530 1767 viri
553 1710 631 1768 docti
645 1708 701 1768 sibi
715 1727 867 1787 persuase-
912 1704 1045 1764 scholion
1061 1706 1257 1767 [utilissimum
1279 1710 1348 1781 hoc,
1361 1714 1375 1770 ὁ
1390 1709 1530 1791 Πάμφιλος
1550 1704 1624 1777 οὗτος
1641 1704 1678 1777 οἷς

116 1816 182 1865 runt,
193 1813 220 1859 et
232 1819 337 1877 magno
357 1798 509 1857 intervallo
529 1810 639 1857 aetatem
660 1817 771 1868 eorum,
795 1815 869 1874 quos
912 1781 944 1863 ἦν
957 1796 1011 1852 τῶν
1026 1792 1218 1875 Ἡρακλειδῶν,
1233 1796 1287 1862 stt<
1302 1797 1349 1875 μὲν
1367 1800 1502 1877 Αἰγιμιοῦ,
1521 1798 1630 1882 ἀδιλφδς
1649 1800 1678 1858 dl

116 1890 193 1947 citant
217 1900 314 1959 testes,
329 1887 504 1964 scriptorum
527 1904 678 1964 superans,
694 1898 781 1962 atque
797 1882 869 1963 pdeo
912 1879 1022 1957 Δυμάου
1038 1880 1084 1940 καί
1103 1882 1204 1962 Δώρου,
1220 1886 1264 1966 ἀφ’
1276 1874 1312 1943 ὧν
1336 1885 1415 1968 φυλαί
1437 1888 1464 1944 u
1489 1888 1677 1965 Λακεδαίμονι,

116 1976 194 2034 reteri
207 1975 328 2035 (traciae
348 1994 407 2033 non
437 1992 558 2051 prorsus
577 1974 770 2051 ignoturnzut
792 1970 867 2027 enirn
913 1967 1133 2046 Παμφιλιῑς,καλ
1147 1973 1288 2048 Δυμινιῖς,
1301 1972 1470 2055 καλΔωρεῖς,
1483 1966 1607 2053 ἀφ’ἧςσὶ
1620 1977 1679 2033 Δω-

117 2077 212 2123 taceam
229 2085 286 2123 uxr
308 2065 491 2140 interpretes,
521 2082 679 2121 marmorea
707 2056 868 2119 testamenti
913 2061 991 2135 ριεῖς,
1005 2052 1103 2124 οίτινις
1120 2060 1251 2125 οἰκοῦντες
1273 2060 1397 2142 πρότερον
1418 2061 1466 2133 ele
1489 2060 1584 2122 Πίνδον
1615 2064 1677 2141 μίαν

118 2151 200 2209 tabula
212 2163 433 2210 monumentum
447 2150 595 2226 egregium
607 2152 635 2209 in
651 2155 767 2206 Gruter.
777 2152 867 2205 Inscr.
912 2134 992 2202 odrae
1009 2148 1056 2216 ιῆς
1073 2145 1253 2227 τετραπόλεως
1270 2155 1317 2221 τῆς
1330 2152 1372 2210 ἐπ’
1384 2151 1496 2233 Estote,
1509 2154 1677 2234 ἀφικνοῦνται

117 2244 173 2299 λιιι,
187 2260 214 2317 ρ.
231 2259 318 2297 ccxvi
330 2257 405 2317 sepe
416 2237 582 2315 suppeditat
595 2234 719 2308 δξοδιάξιι
729 2250 758 2294 et
772 2234 869 2304 ἐξοδια·
911 2234 948 2299 εἰς
961 2232 1008 2305 vlu
1022 2234 1120 2313 μεταξὺ
1138 2236 1221 2310 Οίιης
1240 2238 1307 2311 (ἥτις
1321 2245 1391 2319 Reg.
1409 2247 1425 2299 J
1429 2254 1500 2314 unt,
1519 2243 1598 2319 (laod
1612 2264 1677 2301 cor·

117 2329 187 2395 ζὲσω·
213 2329 375 2408 itidemque
397 2332 531 2389 columna
555 2329 662 2401 Sicula,
684 2346 771 2407 quam
796 2328 868 2387 rnilri
911 2336 1023 2382 rectum
1038 2328 1068 2385 in
1082 2327 1128 2384 ed.
1141 2330 1237 2405 Basil.)
1250 2330 1295 2388 καλ
1311 2332 1453 2409 Παρνασοῦ
1465 2330 1569 2413 Δωρίδα
1581 2330 1678 2400 {Educ-

116 2418 274 2477 D'Orvillitts
295 2438 313 2476 a
327 2439 358 2477 se
375 2418 549 2497 descriptam
566 2416 694 2475 ostendit
706 2438 713 2472 :
725 2417 763 2479 είς
776 2413 805 2472 dl
819 2412 867 2473 τὰν
911 2410 953 2469 λιν
967 2402 1059 2473 οὖσαν.
1073 2412 1129 2473 ἔστι
1140 2412 1167 2473 dl
1181 2414 1309 2497 Ἐρινεὸν,
1320 2417 1442 2492 Κῦτινον,
1461 2418 1677 2493 Βοιδν,,Λι’λαιον,

116 2503 265 2563 xaracrwdv
273 2514 323 2573 τᾶς
334 2505 433 2573 στάλας
442 2504 572 2574 άξοδιάξαι
584 2503 615 2563 τὸ
623 2504 766 2586 τριάκοντα
780 2498 867 2583 μέρος·
913 2499 1049 2581 Κάρφαια,
1064 2500 1182 2582 Δρυόπη.
1199 2505 1230 2562 ἐκ
1246 2501 1273 2563 δὲ
1287 2502 1390 2581 ,τούτων
1403 2502 1449 2563 σὺν
1466 2514 1518 2570 τοῖς
1533 2504 1676 2587 Ἡρακλιί·

118 2591 249 2668 uudejure
258 2594 379 2671 colligas
388 2593 516 2651 Doribos
528 2595 557 2650 in
567 2593 670 2671 primis
679 2591 735 2650 boc
747 2590 867 2649 verbnm
912 2586 969 2653 δαις
980 2590 1164 2669 ἀναχωροῦσιν
1176 2594 1243 2667 ὁμοῦ
1259 2582 1344 2668 (οἶμαι
1358 2593 1441 2670 Reg.)
1456 2594 1488 2652 lx
1501 2596 1547 2664 τῆς
1559 2593 1678 2665 Ἀττικῆς

117 2683 194 2739 titisse
215 2681 367 2755 familiare,
399 2681 551 2759 minusque
585 2680 709 2755 mireris,
731 2679 867 2756 «quoniam
912 2676 947 2741 είς
959 2676 1147 2755 Λακεδαίμονα
1161 2678 1343 2760 (κατάρχονται
1355 2680 1435 2739 addit
1452 2684 1544 2759 Πομ),
1558 2684 1594 2748 ὡς
1610 2684 1678 2761 (iret

116 2769 202 2828 eadem
212 2782 271 2827 erat
282 2770 474 2828 Macedonum
489 2770 640 2840 dulcetus,
648 2768 686 2825 ad
693 2765 866 2825 Alexandri·
911 2767 992 2843 Πομ.)
1008 2764 1140 2847 Πίνδαρά
1161 2790 1226 2845 φησι
1247 2796 1258 2819 ιι
1269 2766 1370 2827 δίλονπι
1386 2766 1414 2826 ll
1435 2768 1611 2848 Παμφίλου.»
1634 2776 1678 2831 De

116 2876 160 2914 uos
180 2859 352 2935 pervenisse.
382 2860 456 2916 Hinc
484 2855 652 2933 ίξοδιασμδς,
676 2862 811 2933 erogatio,
837 2855 867 2912 in
911 2873 970 2930 quo
997 2853 1058 2911 lianc
1079 2856 1228 2913 annotavit
1255 2850 1540 2934 Hemst.:«1neptus
1564 2858 1678 2936 aliquis,

116 2945 197 3002 Gloss.
210 2941 333 3017 Ἐξοδον,
347 2965 433 3023 aquo
444 2944 590 3003 vocabulo
606 2945 662 3003 ista
675 2943 865 3021 proficiscun-
911 2942 961 3017 qui
973 2942 1108 3002 eximiam
1125 2945 1230 3002 vetusti
1250 2944 1426 3003 enarratoris
1445 2943 1677 3005 observationem

116 3044 163 3104 tur,
185 3052 389 3111 nonnunquam
414 3034 454 3092 ita
476 3034 551 3092 sumi
569 3044 711 3091 monstrat
729 3031 867 3108 Hesychii
911 3030 947 3087 ad
961 3032 1076 3089 Pindari
1091 3032 1172 3107 Pyth.
1192 3052 1216 3102 r,
1232 3052 1295 3101 rar,
1307 3029 1459 3091 Θίλοντιδλ
1471 3031 1619 3113 Παμφύλου
1633 3035 1677 3093 καί

115 3119 155 3193 μί,
164 3119 310 3195 Ἇνάλωμα,
323 3118 426 3190 ίξοδος·
441 3134 469 3179 et
487 3134 638 3180 enarrator
652 3120 799 3179 Theocriti
823 3124 868 3194 15,
912 3115 966 3193 μάν
980 3118 1158 3201 Ἡρακλειδᾶν
1170 3117 1273 3196 ἔκγονοι
1286 3132 1350 3189 etc,
1364 3120 1473 3178 Comici
1489 3120 1594 3189 verbis,
1610 3123 1678 3200 qui.

116 3206 162 3264 35:
175 3226 268 3265 rerum
283 3210 405 3287 insignis
415 3221 458 3268 est
471 3209 575 3268 tabulae
585 3228 763 3281 marmorea,
780 3229 866 3286 quarn
910 3204 1032 3265 boscum
1042 3208 1127 3285 plane
1134 3208 1205 3266 nihil
1215 3208 1323 3265 habent
1332 3226 1494 3279 commune,
1504 3208 1678 3268 illustrandis

115 3299 334 3378 oudstgnavt
351 3303 431 3359 locus
445 3321 473 3379 p.
488 3322 601 3359 ccxvur
613 3320 621 3356 τ
632 3297 754 3381 γραφέτω
769 3297 798 3358 δὲ
821 3300 867 3360 καί
911 3295 1075 3355 conducere
1098 3297 1185 3355 stulte
1212 3295 1267 3355 sibi
1292 3298 1450 3372 persuasit:
1466 3294 1617 3377 Πάμφιλον,
1645 3311 1677 3355 ιιι

115 3384 154 3442 σάν
165 3384 249 3447 ἔσοδον
264 3388 313 3448 καὶ
326 3386 413 3457 lindos
428 3387 476 3448 πδιν
490 3386 633 3466 γινομένω
654 3388 696 3446 ἔπ’
713 3389 804 3446 αὐτοῦ.
822 3392 866 3448 Ex
910 3386 1040 3443 exactius
1052 3384 1254 3462 Aristophanis
1268 3386 1312 3442 vel
1327 3385 1432 3463 pictori
1448 3384 1491 3442 vel
1513 3398 1605 3462 poeta
1617 3398 1676 3443 tra-

116 3474 153 3532 lis
161 3475 304 3537 aberrasse
317 3478 467 3537 Suieerum
480 3477 582 3555 liquet,
593 3478 643 3553 qui
656 3476 795 3545 ἐξοδιάζιιν
809 3496 866 3555 pu·
910 3473 976 3550 pico
990 3472 1192 3550 responderet,
1205 3474 1330 3551 scripsit,
1348 3491 1434 3549 quem
1445 3492 1544 3531 omnes
1559 3472 1677 3552 Πάμφω-

116 3564 274 3624 reventere
295 3565 426 3644 proprie,
445 3570 578 3624 sumtum
593 3564 630 3622 ad
640 3566 791 3642 exsequias
812 3565 867 3623 im·
910 3562 954 3619 λον
964 3554 1112 3640 appellant
1122 3582 1186 3621 cum
1202 3564 1290 3620 fratre
1299 3566 1406 3636 Dyma,
1420 3562 1550 3635 llymsne
1561 3561 1605 3619 val
1620 3562 1678 3636 Dy-

116 3650 285 3725 putemne
300 3652 464 3733 λσγαριάζιιν
482 3674 511 3709 ν.
528 3652 709 3729 Ducangium
728 3657 868 3712 etvetus
911 3660 1014 3720 mente,
1030 3651 1147 3727 AEgimii
1168 3650 1267 3709 lilium.
1285 3654 1361 3726 Ergo
1386 3649 1480 3706 minus
1498 3662 1675 3723 accuratum,

115 3741 298 3799 Rationarium
315 3764 322 3797 :
338 3742 430 3799 rarius
443 3739 521 3819 apud
532 3741 651 3801 suidam
665 3740 867 3821 ἀπολογαριάζω
910 3734 988 3813 quod
1005 3736 1043 3794 de
1064 3756 1117 3795 suo
1138 3738 1259 3816 largitus
1275 3752 1326 3811 est,
1348 3726 1383 3802 εἷς
1402 3738 1454 3793 τῶν
1471 3733 1651 3815 Ἡρακλειδῶν
1668 3762 1674 3775 ·

114 3826 347 3905 adexponendnm
355 3827 684 3906 ἄπολογίζωαάίιὶίιίῑιιιιι,
694 3830 867 3907 etaCangio
910 3844 1075 3901 quanquam
1091 3826 1204 3903 utrique
1218 3844 1284 3883 cunr
1301 3824 1457 3883 Heraclidis
1471 3823 1507 3881 ad
1525 3836 1675 3902 occupan-

115 3918 333 3987 pretermissum.
345 3920 457 3975 Hense.
470 3916 554 3975 Conf.
563 3914 732 3973 Valckenar.
745 3914 782 3971 ad
792 3914 866 3975 Ado·
910 3912 975 3970 dam
1002 3915 1233 3992 Peloponnesum
1258 3914 1381 3991 proiecti
1408 3913 1568 3972 tradantur.
1594 3919 1677 3974 Nunc

114 4000 175 4060 niaz.
185 4024 211 4079 p.
227 4004 293 4080 339,
303 4006 333 4063 C.
346 4008 439 4062 Dran.
910 4012 1067 4079 utrumque
1084 4002 1257 4061 scholiasten
1272 4002 1374 4079 paucis
1385 4001 1518 4059 conferre
1528 4000 1618 4073 lubet,
1631 4016 1674 4074 ut,

148 4090 239 4167 383,9
257 4089 286 4150 δι’
301 4093 359 4151 ἐστι
377 4098 411 4150 V.
430 4091 525 4157 κλάδος
547 4088 637 4155 ἐλαίας
662 4088 755 4146 solum
779 4088 866 4147 habet
910 4088 980 4166 quid
993 4101 1093 4147 noster
1105 4090 1154 4148 ille
1165 4090 1298 4148 acutulus
1312 4089 1341 4147 in
1355 4090 1446 4147 altero
1460 4091 1675 4167 corrumpendo

115 4178 270 4237 nemnem
281 4179 346 4260 ἐρίῳ
356 4175 866 4256 πιπληγμάνοςΠαιροοσαι.σῑὸιιιιίαο
909 4176 965 4234 sibi
981 4176 1145 4247 indulserit,
1164 4188 1299 4254 patescat.
1320 4176 1389 4234 Tale
1406 4188 1449 4235 est
1466 4176 1501 4235 ad
1518 4175 1673 4235 Pindarum

115 4281 256 4338 posueruut
270 4265 406 4345 στάμματι
423 4262 594 4343 ἐστεμμένος·
611 4265 695 4341 plura
710 4262 792 4323 dabit
806 4268 865 4323 Jos.
909 4265 1103 4323 adnotationis
1124 4267 1264 4323 initium:
1287 4264 1431 4347 Πάμφυλος
1453 4262 1498 4323 καί
1519 4264 1609 4341 Δύμας
1628 4266 1673 4323 καὶ

114 4352 198 4410 uase
208 4354 241 4411 ad
258 4354 374 4414 Sallust.
394 4374 422 4431 p.
447 4354 515 4411 360.
533 4380 545 4403 ν
558 4356 711 4409 Hense·
727 4349 866 4419 rostratae
909 4354 999 4431 Δῶρος
1010 4351 1062 4410 υἱοί
1082 4353 1218 4432 Αἰγιμιοῦ·
1234 4350 1278 4433 ἀφ’
1288 4340 1325 4409 lav
1338 4350 1480 4431 Παμφυλὶς
1494 4348 1538 4407 καὶ
1557 4349 1673 4427 Δυμαγὶς

114 4447 219 4518 κατεῖχον
233 4442 328 4500 κλάδον
340 4442 405 4499 Αίιί,
718 4481 722 4487 .
908 4440 987 4518 palai
1012 4443 1039 4499 ἐν
1062 4440 1256 4518 Λακιδαίμονι·
1280 4440 1326 4497 isti
1353 4444 1442 4509 Doro,
1462 4458 1499 4493 ne
1518 4436 1592 4495 tribu
1611 4458 1626 4496 a
1642 4460 1672 4497 se

148 4526 208 4599 385,
225 4538 258 4597 ι4
278 4528 411 4610 ζωγράφος
429 4519 462 4600 ἦν
479 4527 567 4586 Paris.
587 4529 657 4603 Πομ.
671 4528 749 4583 -15
768 4522 865 4605 ἔγραφε
907 4542 972 4587 orta
979 4530 1066 4589 miser
1075 4544 1194 4600 careret,
1206 4527 1354 4607 prospexit
1365 4540 1470 4597 noster,
1484 4540 1673 4603 posterosque

114 4611 226 4675 llDorv.
239 4617 350 4700 ἔγραψαν
365 4610 411 4677 οὗν
428 4618 518 4677 Paris.
543 4622 625 4695 neg„
638 4619 688 4693 qui
709 4628 786 4674 recte
806 4616 864 4675 Εὖ·
908 4618 1010 4677 tribuit
1020 4622 1126 4701 Δωραῑς.
1142 4624 1203 4696 Ego
1215 4622 1326 4676 Doruru
1337 4615 1465 4676 Helleois
1478 4613 1577 4682 lilium,
1589 4612 1672 4672 iteru-

115 4701 206 4779 ρνσδὲα,
218 4726 274 4765 non
287 4706 389 4771 εὐθέως.
405 4738 436 4751 -
455 4709 488 4763 ι6
504 4704 596 4771 αὐτοὺς
613 4727 670 4766 orn.
684 4704 863 4764 nora-18
907 4727 963 4785 que
976 4708 1065 4767 alium
1074 4707 1201 4786 Neptuni
1215 4704 1344 4783 cognitos
1358 4700 1464 4770 lrabe03
1477 4700 1591 4778 AEgimii
1606 4700 1668 4757 nul-

114 4792 291 4867 πιριιιλημένος
301 4791 599 4873 Παμπεριοιλομμίνος
611 4797 703 4852 Dore.
719 4812 864 4867 κατιστιμ·
907 4797 976 4864 Ιιιιιι,
992 4796 1105 4874 quippe
1125 4795 1185 4873 qui,
1198 4805 1271 4851 teste
1281 4790 1429 4869 Stephano
1445 4788 1473 4848 in
1491 4791 1593 4863 Δυμδν,
1608 4787 1670 4866 ἔσχε
1732 4798 1734 4803 ’

115 4882 180 4956 μένος
194 4890 365 4950 Plutarchus.
386 4933 425 4944 .-
440 4900 477 4959 α4
501 4889 553 4970 γάρ
579 4910 636 4948 οιιι.
660 4894 695 4947 V.
707 4920 748 4933 -
758 4887 795 4945 25
817 4908 861 4966 sq.
906 4884 952 4943 tto
960 4887 1056 4950 παῖδας
1065 4884 1213 4962 Πάμφυλον
1226 4879 1271 4940 καί
1285 4884 1406 4957 Δαριᾶνα,
1422 4876 1466 4936 καί
1477 4875 1521 4937 τὸν
1533 4880 1579 4934 τοῦ
1591 4874 1671 4957 Ἡρα-

114 4968 165 5049 Ἧρ.
177 4973 218 5034 τὸν
230 4978 266 5034 ἐκ
278 4998 336 5039 om.
351 4981 440 5037 etiam
455 4980 491 5038 Θ.
508 5018 546 5029 -
569 4980 606 5037 α6
620 4978 734 5059 ἔμφυτον
751 4980 861 5035 Hemst.
906 4970 1102 5039 κλίουςὝλλον
1113 4968 1255 5040 ἐποιήσατο
1265 4968 1360 5051 τρίτον,
1371 4964 1447 5048 χάριν
1462 4961 1601 5029 ἀποδιδοὺς
1614 4966 1669 5035 ἀνθ’

116 5090 146 5102 -
156 5079 187 5131 ²7
205 5082 244 5141 sq.
256 5066 403 5147 ζωγράφος·
425 5062 494 5124 κατά
509 5064 537 5123 δι’
556 5088 628 5130 τινας
641 5087 679 5144 ιρ.
689 5069 726 5121 V.
746 5066 782 5124 ll.
797 5085 862 5142 τρα-
904 5051 942 5119 eir
953 5059 1089 5140 Ἡρακλῆς
1098 5056 1286 5119 διιπεπιωκάτα
1300 5055 1459 5135 κατήγαγον.
1470 5052 1611 5128 Quocirca
1624 5072 1670 5111 res

115 5146 187 5219 uxo't·
202 5150 266 5210 κατά
280 5154 308 5211 δέ
321 5177 393 5221 τινας
407 5153 543 5235 ζωγράφος
554 5155 589 5213 Θ.
604 5152 670 5211 ΔΙά.
688 5190 727 5204 .-
740 5172 778 5227 29
794 5150 859 5210 Ἀλ-
906 5150 968 5227 ipsa
984 5149 1138 5227 diligenter
1157 5146 1338 5205 considerata
1359 5144 1458 5220 retingi
1475 5142 1570 5219 jubet,
1584 5140 1669 5217 Πάμ-

114 5233 166 5299 lue.
179 5237 314 5321 Πάμφιλον
329 5240 377 5319 μὶν
391 5242 487 5300 addita
510 5263 546 5300 ex
560 5248 593 5298 V.
609 5270 640 5281 -
655 5242 693 5298 33
707 5261 785 5309 φασιν
806 5241 861 5307 dp·
905 5239 983 5316 φυλος
999 5236 1043 5294 καὶ
1058 5238 1150 5313 Δύμας
1164 5238 1285 5310 Δωριεῖς,
1304 5230 1354 5289 ulol
1382 5232 1515 5305 Αἰγιμιοῦ.
1532 5230 1670 5304 Sequitur

221 5350 303 5395 auor.
320 5356 452 5398 λαιοτονιι.
1540 5338 1567 5381 to
