4100 6109
352 452 404 501 1ι8
918 440 1107 501 SCHOLIA
1131 440 1175 500 ΙΝ
1201 440 1375 501 ῊδδΡΑὸ.

347 564 528 644 ἐγκλημάτων.
557 562 655 647 κελύφη
680 564 706 625 δὲ
730 564 763 624 τδι
790 569 841 623 τῶν
869 567 928 647 ᾠῶν
951 564 1124 643 καλύμματα.
1145 598 1149 608 ·
1210 588 1258 628 σοι.
1279 566 1323 625 τδν
1338 566 1446 626 κολλοπ’
1457 570 1561 647 ἀνεῖμεν
1576 588 1583 627 :
1601 566 1726 629 Κύλλυπα
1737 574 1784 643 τήν
1799 576 1898 654 νευράν.
1911 594 1935 639 ιε

345 654 408 712 ώσεὶ
422 652 508 731 ἔλεγεν
525 651 703 729 άποῦλήματα
716 654 815 731 δικῶν.)
833 686 866 695 ·-
879 655 931 711 τῶν
949 653 1126 731 τραγημάτων
1168 656 1214 714 τοῦ
1228 652 1326 735 ταύρου
1338 657 1521 735 τραχηλιαῖον.
1536 655 1714 736 σκληρότατον
1725 664 1812 722 τοῦτο.
1824 661 1889 722 θέλει
1899 657 1936 725 οἶν

346 740 476 823 λεπύρων,
490 739 506 811 ἢ
521 740 656 821 ὄστρακον.
670 751 699 800 R.
1169 742 1250 800 εἰπεῖν
1273 742 1304 801 τ“ο
1321 742 1496 822 στερεώτατον
1517 747 1564 814 τῇς
1583 745 1672 824 ὀργῇς.
1694 756 1722 803 R.
1738 747 1818 823 (Ἀντί
1837 755 1882 809 τοῦ
1896 753 1935 825 τὴν

385 848 432 888 σιο.
456 828 522 906 (ἀλλ’
539 818 562 886 ῶ
579 847 586 887 :
605 826 639 887 ‘0
655 826 733 909 χορὸς
752 825 962 909 παραθαρσύνων
979 826 1023 885 τὸν
1040 828 1125 887 Φιλο-
1168 825 1434 907 πάσαν-ἠ’ςδργῇς,ἢ
1448 827 1828 914 τδστερεώπατονήςδρμῇς,
1840 836 1935 899 ἀπὸτῶ

318 938 331 975 ε
346 916 445 974 κλέωνα
458 914 541 973 ταῦτά
556 936 628 995 φησι.
645 948 683 959 -
699 912 757 972 άντλ
770 920 816 972 τοῦ
829 917 921 994 ἀρχῆς.
934 916 974 991 V.)
1164 913 1238 973 ’κατὰ
1248 915 1407 975 τδντένοντα
1415 916 1551 984 κόλλοπος.
1562 915 1619 976 έστι
1630 916 1659 977 δέ
1670 917 1753 1001 δέρμα,
1764 922 1956 1003 πτερώσεως

384 1024 431 1063 ειε.
454 1001 516 1081 (ἀπὸ
529 1002 661 1083 βαλῦίδων
674 1021 681 1061 :
698 1000 753 1060 Ἀπ’
766 1004 850 1081 ἀρχῆς
861 1001 961 1069 εὐθέως.
977 1001 1031 1060 ἀπὸ
1042 1024 1126 1078 μετα·
1169 1001 1187 1073 ἢ
1200 1002 1246 1061 καλ
1256 1002 1329 1084 παρδ
1342 1002 1386 1063 τὸν
1396 1004 1502 1063 τένοντα
1515 1005 1572 1083 [τῆς
1582 1006 1690 1085 χορδῆς]
1701 1006 1823 1068 κάλλοπα
1834 1008 1878 1070 τδν
1887 1013 1935 1071 κολ.

344 1102 423 1173 φορᾶς
448 1094 498 1149 τῶν
527 1088 791 1171 σταδιοδρομοῦντων.
819 1088 912 1169 βαλῶς
936 1088 987 1170 γάρ
1014 1092 1084 1147 ἐστιν
1109 1092 1126 1159 ἡ
1169 1091 1248 1151 λοπα.
1309 1090 1419 1158 Ἄλλως.
1440 1090 1566 1158 κόλλοπες
1586 1091 1708 1170 λέγονται
1726 1097 1752 1152 οῖ
1771 1098 1936 1159 πασσαλίσκυι

345 1176 481 1258 άφειηρία.
496 1168 528 1249 ήν
543 1174 570 1235 δέ
585 1176 651 1247 αὔτη
663 1174 775 1257 γραμμή
790 1176 829 1257 ἐφ’
843 1168 874 1247 ἧς
886 1174 1060 1253 εἱστήκεσαν,
1078 1174 1127 1243 ῖως
1169 1182 1215 1250 τῇς
1228 1178 1349 1261 κιθάρας,
1361 1183 1397 1247 εἰς
1411 1179 1454 1247 οδς
1468 1180 1678 1256 ἀποδεσμοῦνται
1688 1184 1716 1239 αί
1728 1183 1829 1263 νευραί,
1841 1184 1885 1243 καλ
1894 1190 1937 1245 τεί·

334 1265 375 1323 ,διν
390 1268 564 1343 ἀποσημανθῇ
579 1268 593 1323 ύ
607 1263 700 1345 δρόμος
714 1265 818 1341 αὐτοῖς.)
1169 1288 1256 1325 νονται
1272 1268 1463 1349 στρεφομένων.
1477 1269 1556 1347 ὀργῇς
1572 1258 1616 1325 ούν
1635 1266 1754 1327 κύλλοπα
1771 1272 1830 1329 ἀντὶ
1844 1278 1887 1331 τοῦ
1898 1274 1937 1345 τήν

308 1382 331 1417 ιη
384 1374 433 1413 ιιι.
457 1351 657 1434 (τρυφερώτερον
670 1371 677 1411 :
692 1354 799 1434 Τρυφῆς
813 1348 943 1430 δεόμενον.
961 1351 1049 1418 καλῶς
1063 1349 1126 1423 δὲή
1168 1353 1243 1412 τάσιν
1258 1354 1652 1437 τῇςδργῇς.)-δργῇςθλίγον
1663 1357 1798 1434 χαλῶμεν.
1812 1370 1844 1417 v.
1949 1389 1966 1425 w

344 1440 479 1521 προσθήκη
496 1446 544 1499 τοῦ
557 1438 684 1520 γέροντος.
701 1442 815 1507 ἀσθενεῖς
832 1438 883 1519 γάρ
898 1439 958 1520 περὶ
971 1436 1018 1507 τδς
1034 1437 1127 1510 ἡδονάς
1208 1460 1258 1502 ονε.
1275 1440 1425 1521 (καταχήνη
1436 1461 1444 1501 :
1455 1441 1630 1520 Κατάγελως,
1641 1444 1853 1525 καταφρόνησις.)
1863 1473 1936 1530 -γρ,

344 1534 367 1587 οί
378 1528 512 1611 γέροντες.)
1169 1527 1215 1585 καλ
1228 1527 1353 1589 πλούτου.
1370 1541 1401 1610 Β,

384 1637 432 1677 σοι.
454 1616 591 1697 φράγμασι
602 1620 646 1674 τοῦ
661 1614 837 1695 δικαστηρίου.
853 1626 882 1671 V.
895 1622 949 1681 τοῖς
959 1615 1125 1682 δικαστικοῖς.
1209 1634 1258 1676 επ.
1281 1616 1336 1691 (καλ
1349 1616 1454 1694 τάγαθά
1465 1640 1511 1696 μοι
1525 1616 1646 1696 μέμνησο
1660 1638 1668 1679 t
1683 1618 1737 1679 Καὶ
1751 1617 1884 1699 μέμνησο,
1898 1647 1937 1705 φη

343 1717 402 1763 Rav.
1169 1703 1220 1775 σίν,
1236 1704 1326 1778 εἰπεῖν,
1341 1702 1359 1761 ἀ
1373 1703 1442 1784 έχεις
1454 1704 1562 1786 φάσκων
1574 1703 1665 1785 ἀρχειν
1675 1711 1722 1778 τῇς
1734 1706 1870 1776 Ἑλλάδος.
1882 1713 1938 1769 ἐπει·

307 1814 329 1850 ιτ,
384 1812 431 1851 σοι.
455 1790 583 1870 έμθάλλιι
594 1811 639 1867 μοι
650 1788 697 1861 τήν
709 1797 786 1868 χεῖρα
803 1809 810 1848 z
826 1786 864 1849 ⁴0
876 1794 979 1847 ποιοῦσι
992 1795 1046 1855 τοῖς
1056 1789 1126 1847 δικα-
1169 1789 1202 1861 δή
1220 1790 1308 1867 δλαγεν
1326 1790 1510 1852 θΦιλοκλέονν
1524 1790 1565 1850 ὅτι
1583 1795 1608 1851 οῖ
1624 1792 1746 1852 δικασταί
1764 1792 1964 1874 ἀρχουσιντῆςιι

334 1882 416 1948 ,σταῖς
434 1883 457 1939 οἱ
478 1881 643 1943 θωπευτικῶς
661 1875 826 1957 προσιόντες,
845 1875 932 1957 ήρέμα
951 1876 1127 1956 έραπτάμενοι
1169 1874 1318 1955 Ἑλλάδος.)
1828 1945 1833 1955 Ι

343 1972 389 2038 τῇς
398 1967 484 2049 χειρὸς
493 1969 519 2025 έν
531 1970 569 2047 τῷ
579 1964 755 2035 ἀσπάζεσθαι,
769 1960 823 2039 (διδ
834 1962 864 2021 τδ
876 1962 984 2039 μέλλειν
993 1962 1126 2045 κρίνεσθαι
1208 1986 1257 2025 ονε.
1279 1964 1390 2041 (παίδων
1403 1964 1488 2025 τοίνυν
1503 1966 1715 2045 δοκιμαζομένων
1732 1989 1740 2029 :
1756 1966 1830 2050 Πρδς
1840 1968 1869 2029 τδ
1881 1969 1935 2038 έθος

344 2054 386 2111 ἐπὶ
399 2052 531 2131 δημοσίων
543 2055 628 2133 κλοπῇ
644 2049 965 2133 προκαταλαμὸάνοντες).
1168 2050 1348 2132 Ἀριστοτέλης
1361 2050 1390 2112 δέ
1404 2076 1482 2135 φησιν
1494 2051 1535 2112 δτι
1547 2053 1663 2135 ψήφων(
1678 2056 1864 2138 έγγραφύμενοι
1876 2059 1936 2117 δοκι·

384 2164 431 2203 σεε.
456 2144 673 2221 (οἰκτροχοοῦντες
691 2156 698 2199 :
716 2140 836 2218 Οίκτρῶς
848 2137 961 2218 χέοντες.
979 2138 1025 2197 καλ
1035 2138 1126 2214 Ὅμη·
1169 2138 1296 2215 μάζονται
1306 2145 1330 2199 οἱ
1342 2138 1461 2223 νεώτεροι
1475 2139 1514 2219 με)
1528 2143 1594 2201 ἐτῶν
1609 2143 1644 2213 ιη’
1658 2134 1719 2205 εἶεν.
1730 2143 1794 2211 ῖσως
1807 2144 1829 2203 δ’
1843 2144 1871 2203 δν
1884 2152 1935 2227 περ)

303 2264 330 2299 ιιι
346 2254 387 2309 ρος
402 2232 459 2302 [ΟιΙ.
472 2242 505 2303 Τ,
519 2236 569 2301 εει]
1167 2228 1219 2284 τῶν
1236 2226 1395 2307 κρινομένων
1408 2228 1509 2288 παίδων
1520 2230 1556 2296 εἰς
1569 2228 1628 2299 τοὺς
1639 2229 1779 2309 γυμνικοὺς
1792 2234 1890 2311 ἀγῶνας
1899 2234 1935 2294 λέ-
1946 2256 1966 2295 τε

1167 2336 1221 2392 γοι,
1235 2316 1287 2394 ούχ
1299 2320 1335 2383 ὡς
1348 2319 1376 2375 έν
1397 2314 1559 2398 δικαστηρίῳ
1573 2316 1742 2397 κρινομένων,
1759 2319 1819 2377 ἀλλ’
1831 2321 1878 2380 ύτδ
1893 2326 1936 2381 τῶν

1167 2401 1361 2483 πρεσδυτέρων.
1421 2402 1531 2471 Ἄλλως.
1544 2407 1596 2462 τῶν
1608 2404 1659 2485 γδρ
1671 2404 1773 2465 παίδων
1783 2406 1832 2479 τήν
1844 2410 1934 2481 ήλυιίαν

382 2512 429 2551 σω.
451 2496 495 2549 νῦν
510 2488 540 2549 τδ
554 2488 690 2571 ἀγοράζων
702 2491 736 2556 ὡς
748 2493 825 2567 ἡμεῖς
836 2487 915 2563 λέγει.
930 2499 961 2545 v.
1168 2488 1349 2566 δοκιμάζοντες
1361 2487 1395 2549 εδ
1410 2491 1497 2549 αἰδοῖα
1510 2490 1639 2551 ἐσκόπουν
1653 2490 1697 2550 διδ
1709 2492 1741 2551 τδ
1752 2494 1850 2553 δεῖσθαι
1860 2498 1934 2555 αὐτῶν

383 2601 431 2639 σεε.
456 2577 493 2655 (δς
507 2578 548 2657 ἀμ’
563 2578 617 2637 οὐδ’
632 2576 663 2636 διν
678 2576 751 2647 ζῶντ’
763 2576 821 2657 ῇδει
836 2594 843 2636 :
861 2575 957 2643 Ὅστις
968 2576 1020 2635 οὐδ’
1036 2575 1069 2634 δν
1081 2576 1124 2635 λύ-
1168 2578 1205 2643 εἰς
1216 2576 1248 2635 τδ
1257 2576 1430 2658 χρησιμεύειν
1444 2579 1472 2637 έν
1481 2582 1539 2645 ταῖς
1552 2578 1746 2658 λειτουργίαις.)

342 2692 388 2747 γου
400 2691 433 2744 με
446 2666 566 2743 ἠξίωσεν,
577 2668 599 2725 εί
610 2665 648 2742 μή
660 2664 822 2747 εὐηργετήθη
837 2664 882 2723 ὑπ’
897 2667 980 2740 ἐμοῦ.)
1207 2684 1256 2725 σου.
1278 2662 1327 2725 κάν
1337 2664 1453 2746 Οἴαγρος
1464 2685 1473 2727 :
1485 2664 1550 2726 'On
1560 2666 1683 2746 τραγικὸς
1696 2666 1837 2750 ὑποκριτής
1845 2668 1869 2746 (δ
1877 2670 1933 2730 Οἷα
1945 2706 1965 2743 5

304 2786 329 2822 ις
382 2776 429 2815 σου.
452 2753 622 2834 (τουτίπερίε
637 2754 684 2813 Ἐν
696 2756 734 2834 τῷ
745 2751 920 2833 γραμματείῳ
931 2756 945 2811 θ
958 2750 1126 2811 Βδελυκλέων
1167 2774 1228 2831 γρος
1241 2752 1342 2833 εἴρηται
1357 2752 1492 2833 πρότερον.
1507 2756 1542 2821 ώς
1559 2752 1701 2831 θαυμάζων
1720 2752 1749 2813 δέ
1763 2755 1840 2815 αὐτόν
1856 2780 1934 2837 φησιν,

343 2840 525 2925 ἀπογράφεται
544 2839 584 2899 ὅτι
606 2838 804 2900 ἀντιύολοῦνται
825 2843 849 2899 οἱ
868 2838 1006 2911 δικασταί,
1024 2842 1061 2907 ώς
1079 2840 1126 2900 καλ
1167 2838 1269 2899 δτικθν
1279 2842 1399 2907 ἀκεῖνοςδ
1410 2839 1493 2919 μέγας
1503 2841 1792 2919 καταδικασθῇ.έκτῆς
1800 2841 1892 2915 Νιύύης
1900 2844 1933 2905 δι’.
2008 2905 2009 2908 ,

345 2932 399 2989 άνω
414 2930 526 3011 εἴρηκαν,
538 2928 572 2987 ἵν’
584 2928 632 3008 ἔχῃ
644 2933 720 2987 τοῦτο
732 2930 767 2995 εἰς
777 2926 939 3009 κατηγορίαν
952 2930 1047 2987 αὐτῶν.
1062 2931 1126 2988 ἀπο·
1167 2926 1416 3010 καλγάρθπεκρίθη
1426 2928 1475 3000 τήν
1490 2926 1622 3001 Νιάδηνῆ
1637 2928 1829 3010 Σοφοκλέαιςή
1843 2932 1933 3013 Αίσχύ-
2008 2991 2009 3002 ,

343 3018 464 3099 μορχθελς
477 3014 514 3089 δέ,
526 3015 688 3093 ἀποδαλών.)
1166 3016 1224 3077 λου.
1239 3013 1360 3096 ἀπίχειρα
1372 3014 1400 3075 δέ
1417 3014 1540 3094 μισθούς,
1552 3014 1586 3074 τδ
1601 3015 1654 3075 ἀπὸ
1666 3020 1718 3075 τῶν
1734 3020 1830 3096 χειρῶν
1844 3019 1932 3102 κέρδη.)
2008 3005 2009 3014 ί

381 3127 430 3167 σοι.
455 3104 537 3183 (ένδον
551 3102 650 3163 τούτων
664 3093 700 3161 ῶν
713 3100 807 3185 φάσκω
827 3122 834 3162 :
851 3102 918 3162 Ἀντῖ
935 3103 1011 3191 τρῦδ
1030 3102 1123 3171 ἔξωθεν
1207 3104 1277 3181 (σεε).
1297 3105 1326 3161 έν
1345 3102 1455 3185 φορὸειᾷ
1478 3124 1487 3163 2
1507 3102 1639 3184 Φορδειαί
1657 3106 1708 3163 εἰσι
1724 3104 1760 3163 τά
1777 3104 1888 3186 δέρματα
1905 3108 1965 3167 τδεν

302 3222 327 3258 ιι
342 3194 539 3273 ἐπαγγέλλομαι
556 3192 649 3264 ποιεῖν,
670 3189 740 3249 ένδον
758 3193 787 3249 οὗ
806 3194 882 3249 ποιῶ.
900 3194 1012 3250 τοιοῦτον
1031 3190 1082 3271 γάρ
1100 3193 1125 3249 οἱ
1165 3189 1227 3270 περὶ
1237 3189 1272 3248 τά
1280 3190 1401 3269 στύματα
1411 3193 1464 3249 τῶν
1473 3192 1594 3263 αὐλητῶν
1604 3190 1934 3271 προοδεσμευάμενα,δπυς
2007 3167 2008 3200 ί

340 3281 471 3340 δικασταί·
485 3283 653 3361 παραχρῆμα
670 3278 718 3356 μὲν
733 3276 954 3356 ἐπαγγέλλονται,
970 3276 1078 3360 ὕστερον
1097 3276 1124 3337 δέ
1167 3274 1511 3359 ἀνσύμμετροντδπνεῦμα
1520 3276 1690 3356 πεμπόμενον
1700 3280 1793 3350 ἡδεῖαν
1802 3280 1848 3351 τήν
1858 3284 1932 3363 φωνήν
2007 3271 2008 3278 ¹

342 3370 500 3448 ἀρνοῦνται.)
1165 3370 1213 3423 τοῦ
1225 3368 1305 3425 αὐλοῦ
1316 3362 1764 3446 ποιήση.δδὲλέγει,τοῦτάέστιν·
1777 3367 1841 3427 ἒπδν
1851 3369 1931 3447 νικήσῃ

380 3480 428 3517 sua.
447 3454 529 3535 (κακά
541 3454 604 3536 πρδς
615 3462 669 3521 τοῖς
679 3444 751 3512 ούσιν
764 3472 772 3512 t
786 3452 833 3513 Ἐν
845 3452 964 3531 σχήματι
976 3452 1064 3535 είρηκε
1077 3475 1124 3529 με·
1166 3452 1295 3525 αὐλητής,
1310 3452 1441 3513 ἀντίδοσιν
1458 3452 1552 3514 τούτου
1568 3452 1722 3535 προπέμπει
1735 3458 1808 3532 ἡμᾶς
1821 3454 1882 3532 μετά
1892 3462 1932 3515 τοῦ

341 3544 423 3611 ταθδις
437 3544 489 3603 ἀπὸ
504 3550 550 3603 τοῦ
566 3544 741 3614 πληθυντικοῦ
762 3542 798 3607 εἶς
815 3538 845 3598 τδ
861 3539 954 3600 ένικύν.
973 3543 988 3598 δ
1006 3540 1034 3599 δὲ
1050 3545 1123 3611 νοῦς,
1166 3542 1256 3599 αθλοῦ.
1272 3539 1371 3610 έθοςδέ
1389 3533 1422 3614 ήν
1437 3544 1465 3601 έν
1480 3549 1539 3609 ταῖς
1555 3540 1650 3610 ἀξύδοις
1664 3546 1717 3601 τῶν
1737 3546 1785 3613 τῇς
1802 3542 1961 3624 τραγιρδίαςιε

301 3656 326 3693 τι
341 3632 430 3699 ἕωςδιν
442 3624 513 3691 ούτει
522 3628 555 3687 τδ
570 3628 640 3689 κακά
652 3626 686 3688 τά
697 3626 812 3707 ἡμέτερα
826 3626 981 3707 ἀποφήνωσι
991 3636 1046 3695 τοῖς
1058 3632 1122 3687 έαυ-
1164 3631 1278 3708 χορικῶν
1295 3628 1444 3711 προσώπων
1467 3630 1641 3709 προηγεῖσθαι
1661 3628 1790 3701 αθλητλν,
1806 3628 1871 3689 ώστε
1888 3633 1928 3689 αύ-

341 3725 392 3777 τῶν
404 3720 458 3779 ἴσα
501 3718 608 3784 Ἄλλως.
620 3718 678 3776 ἀντὶ
691 3721 738 3775 τοῦ
752 3721 868 3773 τοσαῦτα
883 3714 1013 3792 λέγουσιν,
1028 3715 1077 3782 έως
1090 3714 1123 3774 δν
1164 3715 1259 3773 λοῦντα
1270 3714 1445 3797 προπέμπειν,
1453 3714 1519 3796 ὅπερ
1529 3712 1625 3773 έλαύεν
1638 3718 1674 3782 είς
1686 3715 1804 3788 ἰδιότητα
1813 3720 1862 3775 τῶν
1872 3719 1930 3777 δικα·

342 3806 510 3876 ἀποδείξωσιν
527 3804 633 3872 έαντοθς
646 3804 759 3877 πένητας
773 3808 808 3870 ὡς
819 3800 894 3881 έγώ.)
1004 3822 1007 3827 “
1165 3806 1235 3861 στῶν
1248 3806 1262 3861 θ
1273 3802 1437 3877 Φιλοκλέων,
1460 3800 1501 3861 δτι
1515 3800 1596 3870 οὕτως
1610 3802 1672 3884 περὶ
1685 3803 1715 3863 τὸ
1729 3802 1815 3880 στόμα
1833 3796 1894 3884 εἶχον
1908 3808 1929 3861 οῖ

381 3916 428 3953 εσυ.
442 3892 577 3969 (λίσιέπσν
589 3914 614 3949 τε
626 3893 727 3969 γελοῖον
743 3913 750 3946 τ
769 3890 891 3957 Αἴσωπος
903 3888 1053 3971 τραγῳδίας
1066 3889 1122 3966 έγέ-
1164 3889 1299 3952 δικασταί.

341 4006 398 4040 νετο
412 3979 553 4060 ὑποκριτής
565 3976 714 4059 γελειώδης.
726 4012 765 4023 -
775 3977 910 4057 Αἰσχύλου
925 3977 952 4036 δέ
968 3969 998 4051 ήν
1014 3982 1123 4059 ὑποκρι·
1204 3996 1254 4037 ονε.
1277 3976 1429 4059 (ἐπίκληρον
1446 3998 1454 4037 :
1474 3976 1634 4059 Ἐπίκληρος
1649 3978 1756 4056 λέγεται
1770 3983 1788 4049 ἡ
1802 3983 1845 4036 νῦν
1862 3999 1928 4056 μονο-
1939 4003 1961 4042 ιο

301 4102 327 4141 w
341 4071 394 4141 τής.
407 4080 438 4127 ν.
452 4102 489 4115 -·-
502 4067 759 4149 προπερισπωμένως
768 4064 796 4124 δέ
809 4065 839 4125 τδ
856 4068 977 4145 γελοῖον.)
1164 4064 1325 4146 κληρονόμος
1337 4063 1508 4141 καλουμένη.)

380 4178 427 4217 σου.
451 4155 533 4235 (εύθδς
547 4156 649 4213 ἀνέλκει
664 4174 671 4214 :
687 4156 733 4221 Εἰς
744 4152 773 4212 τδ
788 4156 870 4233 βῆμα.
886 4152 929 4211 δεδι
940 4154 968 4212 δέ
980 4153 1023 4211 τδν
1036 4145 1122 4212 οἶκτον
1203 4151 1317 4234 ύπατήρ
1328 4175 1379 4211 τινι
1390 4154 1528 4225 έκδοθῇναι
1541 4151 1696 4212 καταλιπών
1709 4152 1759 4225 τὴν
1774 4152 1926 4233 θιγατέραθ.

339 4248 362 4303 εί
376 4242 539 4319 δικαζόμενοι
550 4245 626 4299 τοῦτο
638 4238 749 4311 ἐποίουν,
760 4238 803 4297 ἵνα
816 4242 947 4298 κάνταῦθα
960 4242 1119 4317 ἐλεηθῶσιν.)
1204 4262 1253 4300 ονε.
1274 4239 1363 4319 καλτῇ
1376 4239 1460 4320 κόγχῃ
1475 4261 1482 4301 :
1498 4241 1570 4319 (Τοῖς
1583 4241 1720 4319 σημείοις.)
1734 4244 1771 4309 ώς
1783 4242 1875 4320 κόγχας
1884 4244 1927 4298 ἐπι-

351 4324 354 4333 ’
379 4354 426 4392 σῖο.
444 4331 513 4409 (ἀμα
525 4332 658 4409 βληχᾶται
670 4348 677 4389 :
689 4326 774 4388 Ποιθν
783 4326 871 4409 φωνὴν
881 4326 987 4408 ἀφίησιν
997 4326 1120 4397 έλεεινήν.
1162 4325 1284 4385 τιθέντων
1302 4328 1359 4393 ταῖς
1376 4329 1526 4408 σφραγῖσιν,
1543 4328 1689 4409 ἀσφαλείας
1706 4327 1793 4387 ένεκα.
1807 4329 1890 4409 (κόγχη
1904 4326 1925 4384 δὲ

339 4423 368 4478 ἐκ
383 4418 410 4479 δλ
424 4424 470 4490 τῇς
482 4416 587 4495 ἀσήμου
603 4420 689 4495 φωνῆς
703 4416 779 4486 δηλοῖ
791 4414 838 4486 τήν
854 4417 980 4494 βραχεῖαν
991 4417 1044 4472 τῶν
1056 4415 1120 4473 καί·
1162 4418 1201 4493 τῷ
1214 4413 1346 4496 κογχυλίιμ
1359 4418 1398 4494 τῷ
1408 4413 1567 4496 ἐπικειμένῳ
1580 4424 1638 4484 ταῖς
1650 4420 1791 4498 σφραγῖσι,
1804 4415 1846 4475 διδ
1858 4416 1884 4474 τδ
1894 4413 1924 4489 μί,
1936 4436 1957 4475 ιε

300 4534 325 4575 ις
340 4511 390 4567 δων
404 4506 530 4583 ἡλικίαν.)
1162 4500 1332 4584 ἀφανίζεσθαι
1344 4500 1404 4569 τούς
1414 4500 1510 4569 τύπους
1524 4503 1626 4579 αὐτῇς.)

378 4614 427 4656 57¹.
447 4600 494 4667 τῆς
507 4592 614 4665 εὐθύνης
628 4592 758 4650 ἀπολῦσαι
775 4612 781 4651 :
797 4592 853 4661 Τῆς
872 4589 945 4661 δίκης
963 4591 1119 4669 παρεκὸέλ-
1201 4610 1250 4650 σοι.
1273 4586 1379 4668 (ἔδομεν
1396 4587 1495 4659 ταύτην
1513 4609 1521 4649 :
1539 4589 1696 4669 Ἐκδέδομεν
1709 4591 1792 4663 αύτήν
1808 4614 1879 4673 φησι,
1894 4592 1925 4669 τῇ

340 4688 400 4742 λων.
419 4694 442 4741 V.
464 4694 526 4741 vict.
1161 4679 1346 4759 δωροδοκοῦντι
1357 4678 1448 4756 ἡμᾶς)

378 4788 426 4833 ιτα.
447 4770 478 4845 (εἰ
489 4766 537 4844 μὲν
546 4766 646 4847 χαίρεις
658 4765 733 4844 άρνδς
742 4766 814 4844 φωνῇ
828 4783 835 4823 t
848 4762 942 4831 Παίζει
951 4768 1048 4837 ταῦτα,
1061 4767 1119 4825 ἐπεὶ
1201 4784 1249 4824 σιν.
1262 4764 1432 4825 ἀνυπεύθυνοι
1448 4786 1455 4826 :
1472 4763 1594 4845 Ἔνοχοι,
1606 4767 1781 4846 ὑποκείμεναι.
1798 4778 1856 4827 Ῡιολ

404 2370 419 2427 ἤ
430 2386 455 2417 τε
467 2368 526 2418 πολύ
535 2374 654 2433 τρωχῶσιι
665 2368 714 2431 χέει
725 2368 846 2431 πολυηχέα
858 2366 954 2429 φωνήν.)

338 4859 430 4915 ἐκεῖνοι
442 4854 522 4922 οὕτως
535 4854 661 4931 λέγωσιν·
675 4854 697 4911 εί
713 4850 760 4929 μέν
772 4849 868 4930 άρσενοί
883 4874 921 4919 τις
933 4850 1051 4930 έχει,είς
1063 4831 1141 4921 τενλςΙ
1200 4872 1250 4913 ονε.
1275 4850 1429 4931 (μακαρίζω
1448 4872 1456 4912 :
1476 4852 1694 4925 Δείπειήκατά.
1713 4854 1785 4916 κατὰ
1802 4854 1872 4915 τοῦτο’
1887 4876 1958 4925 emo
2000 4907 2001 4920 ,

299 4980 325 5017 w
340 4946 448 5024 άρσενας
458 4940 552 4999 ἀπίτω·
562 4943 584 4998 εί
595 4939 622 4998 δὲ
632 4938 727 5012 θήλεα,
736 4938 783 5005 τδς
792 4936 897 5009 θηλείας
906 4938 1117 5017 κατοικτειράτω.
1160 4962 1238 5022 φησι,
1252 4939 1404 5022 μακαρίζω,
1416 4939 1446 4999 τδ
1461 4940 1626 5020 ἀνεγκλήτως
1639 4943 1782 5025 πρέπειν.)
2000 4929 2001 4950 ί

338 5033 422 5093 λείπει
434 5027 462 5087 δέ
476 5028 507 5107 τδ
520 5025 625 5098 έλέησον
640 5025 685 5084 καὶ
697 5022 846 5102 ἀπέλυσαν.)
945 5088 948 5093 ,
1199 5048 1247 5087 ωε,
1261 5027 1491 5107 dunzo-“uuam
1502 5048 1511 5088 ς
1521 5030 1593 5110 Πρὸς
1602 5030 1919 5112 τηρηφχύχηςπςῃςχςς,

377 5139 424 5179 σπι.
448 5112 699 5195 (χοιριδίοιςεῚσως
707 5107 746 5169 δτι
756 5113 845 5195 χοῖρος
855 5113 1076 5193 προσαγορεύεται
1087 5114 1117 5172 τὸ
1160 5110 1274 5191 (λέγουσι
1291 5115 1318 5172 δέ
1339 5113 1459 5195 βραχέως
1475 5114 1523 5187 τήν
1537 5117 1559 5174 δ’
1574 5116 1709 5188 συλλαδήν
1728 5124 1918 5197 τοῦάνακαγχν·

2000 5013 2002 5048 ί

338 5213 480 5283 ymmo„
495 5204 610 5280 αἰδοῖον.)
1135 5201 1139 5225 ¹
1158 5200 1260 5260 λιάσαι.
1274 5198 1344 5281 λέγει
1357 5201 1385 5259 δέ
1399 5202 1457 5261 ἀντὶ
1471 5208 1517 5261 τοῦ
1531 5202 1692 5284 καταλύων.)
