4100 6109
679 476 870 537 πνοιαί
900 474 941 535 ιν
969 473 1090 533 ινιιν.
1629 484 1685 551 ιιι

98 612 228 695 τρίψαντες.
239 609 313 691 παρὰ
327 606 355 667 εδ
366 606 474 677 κναίειν,
491 604 520 663 τδ
537 603 702 685 διαφθείρειν.
716 603 816 683 σίλφιον
834 601 861 660 δί
883 666 886 679 Ι
904 598 1020 675 γόνασιν,
1034 585 1111 665 ούτός
1117 622 1145 656 τε
1158 598 1203 658 καί
1215 597 1293 658 ὁπότε
1306 600 1449 659 Φωκεῦσιν
1462 600 1583 659 ίπίθεντο
1595 604 1684 661 Δακε·

100 704 148 785 ῥίζα
161 698 286 775 ἡδύοσμος
298 696 363 777 πρδς
376 694 483 775 άλφιτα.
498 691 568 769 λέγει
580 690 607 750 δὲ
619 692 649 751 τδ
663 694 689 749 ἐν
711 690 797 768 Λιδύῃ
815 712 860 768 γε·
883 688 886 705 '
905 686 1042 763 δαιμόνιοι.
1056 688 1092 763 (ἐν
1106 685 1181 753 ἐνί-εις
1194 690 1245 745 τῶν
1260 685 1458 763 ὑπομνημάτων
1472 693 1556 745 ταῦτα
1569 688 1682 766 λέγεται·

99 790 200 865 νόμενον.
221 783 359 865 θεραπεύει
381 782 408 841 δί
428 778 514 841 πολλὰ
535 779 581 839 καί
598 778 654 839 ἔστι
674 777 861 854 πολυτίμητον.
904 774 973 855 ίερδν
992 773 1107 851 πόλεμον
1124 772 1209 851 λίγει,
1227 773 1292 833 καθὸ
1305 772 1370 855 πρός
1387 772 1458 841 θιὼς
1475 773 1568 835 ίαοιτο.
1583 775 1640 854 ἅμα
1656 776 1684 837 δὲ
1738 774 1744 785 ’

99 878 169 937 καὶέν
182 874 292 955 Πλούτῳ
305 873 368 952 [νει]
381 870 460 954 φησὶν
905 868 950 920 τοῦ
959 866 1029 943 ίεροῦ
1039 860 1156 939 πολέμου
1168 859 1325 939 μνημονεύει
1335 868 1380 921 τοῦ
1392 861 1531 941 γενομένου
1542 864 1685 935 Ἀθηναίοις
1753 868 1757 874 ’

905 949 968 1028 πρὸς
981 947 1095 1017 Φωκίας
1112 948 1177 1029 ὑπὲρ
1192 956 1237 1008 τοῦ
1252 950 1279 1007 ῖν
1293 951 1403 1033 Δελφοῖς
1416 952 1496 1028 ἱεροῦ.
1515 953 1683 1031 ἐσχεδίασται
1698 979 1712 1015 α

906 1035 932 1095 δὲ
945 1036 988 1095 ὑπ’
1000 1040 1096 1097 αὐτῶν.
1111 1038 1141 1095 οὐ
1153 1035 1202 1118 γὰρ
1213 1036 1277 1116 πρὸς
1289 1036 1403 1105 Φωκέας
1414 1036 1479 1118 ὑπὲρ
1492 1039 1583 1098 τούτου
1598 1042 1686 1101 ἐπολέ·

906 1147 1004 1201 μησαν,
1021 1122 1081 1183 ἀλλ’
1096 1120 1162 1203 ύπὲρ
1179 1122 1305 1194 Φωκίων,
1323 1122 1367 1183 διθι
1386 1125 1416 1182 τὸ
1433 1124 1497 1204 πρὸς
1514 1129 1682 1205 Λακεδαιμο-

130 1230 172 1271 ιειι
192 1208 354 1287 κατάχυσμα
368 1227 375 1267 :
391 1204 494 1283 Ζωμθν,
506 1202 620 1282 παρθτθ
633 1200 767 1282 χαίααθαῑ·
779 1200 861 1275 Υλααθ
906 1208 973 1278 νίαυς
993 1209 1075 1289 ίχθος.
1094 1208 1216 1289 γεγόνασι
1233 1210 1261 1271 δὲ
1280 1210 1326 1271 δύο
1344 1210 1455 1289 πόλεμοι
1471 1212 1544 1294 ίεροί.
1563 1214 1686 1297 πρότερος

97 1298 221 1375 δί,με’λιτι
232 1292 396 1373 δεδευμένον.
459 1289 581 1371 (emme-
596 1288 761 1349 οὖθὲοπλίαα
780 1286 797 1359 θ
814 1310 862 1347 αα·
907 1299 954 1377 μὲν
973 1299 1191 1377 Λακεδαιμονίοις
1209 1299 1275 1381 πρὸς
1294 1303 1400 1369 Φωκεῖς
1423 1298 1487 1380 ὑπὲρ
1504 1304 1622 1385 Δελφῶν.
1641 1304 1686 1363 καί

96 1388 221 1466 τίχααμαι
237 1383 307 1442 ὤααῑ
326 1382 379 1440 ααί)
394 1380 485 1440 ααίααα
500 1378 546 1437 ααί
562 1376 596 1437 αα
612 1373 807 1455 καταχύσματα
820 1373 863 1433 λα’·
906 1385 1084 1465 κρατήσαντες
1097 1392 1143 1445 τοῦ
1153 1388 1223 1465 ίεροῦ
1238 1386 1441 1462 Λακεδαιμόνιοι
1449 1386 1498 1459 τήν
1507 1390 1685 1468 προμαντείαν
1702 1426 1727 1466 10

96 1478 192 1555 γεσθαι.)
906 1472 980 1555 παρὰ
989 1476 1098 1555 Δελφῶν
1113 1472 1219 1535 ὲλαόον.
1232 1474 1339 1557 ὕστερον
1351 1473 1379 1533 δὲ
1391 1475 1471 1555 τρίτῳ
1483 1474 1535 1533 ίτει
1548 1483 1595 1535 τοῦ
1611 1478 1687 1559 πρώ-

69 1584 86 1619 ιο
129 1584 172 1623 σοι.
192 1555 561 1635 κατεσκίδτσανεκατίχιαν.
574 1566 636 1613 Μ’.
884 1584 951 1681 γτου
975 1560 1094 1639 πολέμου
1120 1559 1262 1633 Ἀθηναίοις
1288 1559 1352 1641 πρδς
1376 1563 1599 1641 Λακεδαιμονίους
1622 1564 1689 1646 ὑπὲρ

128 1672 171 1711 εει,
190 1648 281 1730 ὥσπερ
293 1645 452 1728 κενεδρίυινι
471 1640 548 1705 xer&
561 1641 708 1721 ἐναλλαγήν
723 1645 775 1701 τῶν
790 1662 863 1701 στοι-
907 1646 1036 1709 Φωκίων.
1054 1648 1100 1707 καί
1114 1648 1144 1707 τδ
1163 1648 1231 1727 ἱερὸν
1251 1648 1390 1708 ἀπέδωκαν
1402 1653 1545 1723 Φωκεῦσι,
1565 1651 1686 1733 καθάπερ
1714 1716 1719 1725 .

96 1741 162 1819 χείιιν
174 1736 230 1796 ἀντί
241 1742 289 1796 τοῦ
301 1732 470 1815 νεκριμοίοον·
489 1734 524 1799 ὣς
542 1732 594 1789 τῶν
607 1726 767 1807 omnim
781 1730 864 1810 αραῶα
907 1734 952 1795 καί
973 1734 1121 1817 Φιλόχορος
1139 1738 1165 1795 ἐν
1184 1741 1218 1817 τῇ
1237 1738 1260 1796 δ
1273 1737 1352 1816 λέγει.
1371 1734 1492 1797 καλεῖται
1506 1738 1534 1796 δὲ
1547 1739 1628 1819 ίερδς,
1647 1738 1687 1798 ὅτι

96 1824 270 1906 ποικιλωτέρας
301 1822 432 1903 ἀρτύσεως
462 1816 599 1896 δεομένων·
679 1815 801 1894 (Ἄλλως.
830 1815 863 1874 τὰ
905 1822 1022 1903 περὶτοῦ
1040 1828 1067 1885 ἐν
1084 1825 1194 1905 Δελφοῖς
1209 1827 1278 1906 ίεροῦ
1293 1823 1406 1903 ἐγένετο.
1422 1826 1592 1907 ίστορεῖπερί
1608 1828 1687 1885 αὐτοῦ
1704 1854 1727 1893 ιι

96 1913 223 1989 θιησιμαῖα
235 1908 304 1989 κρίσι
320 1908 400 1975 ὤτως
411 1906 528 1967 ίκιίλαιν.
541 1906 581 1983 [ίι.
595 1924 635 1965 εει
647 1904 672 1984 ι]
693 1932 705 1956 ι
718 1907 765 1963 οὐκ
776 1894 863 1984 tuost}
906 1910 951 1971 καί
964 1911 1128 1984 Θουκυδίδης
1141 1914 1164 1991 [ι
1171 1957 1180 1983 ,
1194 1914 1245 1992 ιιε]
1258 1910 1303 1971 καί
1317 1911 1509 1993 Ἐρατοσθένης
1519 1914 1546 1971 ἐν
1559 1916 1597 1994 τῷ
1609 1914 1631 1973 θ’
1642 1912 1688 1972 καί

69 2028 86 2065 ιο
96 2000 225 2081 κενίδρειον
239 1996 304 2057 ὅταν
314 1995 389 2076 θύσῃ.
399 1999 426 2072 ν)
906 1996 1066 2076 Θεόπομπος
1078 2002 1104 2059 ίν
1116 2003 1154 2079 τῷ
1166 2000 1226 2077 κε’.)

127 2110 169 2149 εον.
190 2087 275 2169 [πολὺ
294 2085 328 2158 δὴ
348 2106 356 2145 t
377 2082 495 2149 Είοθεοος
515 2080 609 2159 μῧαας
627 2084 725 2161 χαραῧι
746 2077 862 2160 ίαῳδῑαθ
946 2106 995 2146 εεε.
1018 2086 1200 2168 [Ἀλκμήναςε
1215 2086 1266 2149 Διὰ
1277 2092 1322 2146 τοῦ
1341 2090 1515 2159 πληθυντικοῦ
1529 2087 1626 2162 ηὔξησε
1640 2088 1688 2161 τὴν

96 2178 134 2255 μὲν
145 2175 184 2235 διίι
196 2176 226 2233 τό
238 2172 308 2253 μετίι
321 2172 369 2245 τήν
385 2174 481 2243 διπλῆν
493 2168 616 2229 τίθεσθαι·
629 2166 764 2249 προῳδικὴ
778 2166 805 2225 δὲ
820 2166 863 2226 διδ
907 2171 1060 2255 διαδολήυ]

95 2264 287 2345 τόπροτίθεσθαι
298 2260 389 2341 ίτίρας
400 2258 503 2329 διπλῆς.
522 2254 577 2315 ἔστι
589 2254 617 2313 δί
638 2254 683 2313 καί
697 2254 864 2337 θντίατροφος
946 2282 993 2321 ειν.
1017 2262 1077 2342 [καί
1090 2261 1138 2330 τίις
1149 2261 1262 2331 ’Δλόπας
1274 2282 1282 2323 2
1293 2260 1390 2335 Ἀλόπῃ
1403 2263 1547 2345 Κερκυόνος
1558 2264 1687 2346 θυγάτηρ,
1699 2300 1728 2341 w

95 2358 133 2425 τῆς
143 2348 329 2433 προρρηθείσης
342 2350 468 2427 στροφῆς,
481 2343 523 2404 δία
536 2343 566 2404 τὸ
578 2343 623 2403 ααλ
632 2341 714 2413 αὖαθα
727 2345 757 2401 ία
771 2342 863 2402 αολδοον
906 2340 925 2429 ᾔ
937 2349 982 2408 καλ
997 2350 1161 2417 Ποσειδῶνος
1173 2349 1226 2417 υίδς
1239 2348 1410 2431 Ἱπποθόων]

67 2466 87 2503 ιο
97 2446 230 2521 ανγκείσθτι
240 2438 288 2497 καί
300 2436 399 2515 στίχων
410 2431 595 2512 άσυνορτήτων
610 2430 644 2507 θ’,
657 2430 753 2508 ὁμοίων
766 2430 862 2512 ίκείνῃ.
946 2458 993 2497 ωε.
1016 2434 1085 2497 θύειν
1101 2437 1185 2518 όρνισι
1206 2457 1213 2497 :
1232 2437 1291 2517 Πρδ
1308 2442 1360 2497 τῶν
1377 2442 1452 2499 θεῶν.
1472 2434 1516 2519 [τὸ
1535 2439 1626 2498 λοιπόν
1645 2440 1687 2512 δὲ,

96 2530 142 2608 ἔχει
154 2526 179 2586 δὲ
192 2526 236 2586 καί
251 2528 278 2585 ἒν
293 2524 393 2584 ίκθίσοο
406 2520 465 2589 τοδε
480 2520 597 2592 αααίθῑος
611 2519 657 2579 δύο
676 2518 782 2600 στίχους
795 2522 863 2578 αἰνα-
907 2527 942 2593 τίς
954 2523 984 2584 τδ
995 2524 1150 2606 ἔμπροσθεν.
1162 2526 1368 2605 προσνείμασθαι
1378 2520 1586 2607 δί]μερίσαικαί
1598 2550 1688 2608 προσ-

95 2615 232 2683 ταιστικοδς
244 2612 351 2693 ὁμοίους
361 2612 415 2678 τοῖς
427 2610 484 2683 ἑξῆς
499 2609 552 2680 ἔτ’,
566 2610 646 2687 διπλῇ
662 2608 711 2677 ίξω
730 2609 863 2687 νενευκυῖα
906 2617 1040 2671 οικειιῖισαι
1058 2610 1168 2672 ἕκαστον
1182 2612 1251 2692 όρνιν
1277 2611 1382 2693 ἑκάστῳ
1399 2616 1464 2693 θεῷ,
1480 2610 1575 2693 ίίρακα
1589 2614 1685 2673 Ἀπόλ-

96 2702 297 2787 περαιουμένους.
320 2700 364 2763 ίπλ
382 2702 421 2781 τῷ
439 2698 507 2758 τελιι
527 2696 574 2757 δύο
594 2697 686 2755 διπλαῖ
705 2695 755 2765 ίξω
777 2718 865 2755 νενευ-
906 2698 970 2759 λωνι
982 2699 1028 2759 καί
1041 2698 1075 2759 τίι
1088 2700 1156 2773 ίξῆς.
1700 2735 1728 2773 25

96 2792 178 2873 κνῖσα]
550 2812 555 2822 ’
582 2838 587 2847 .
946 2806 995 2849 ὅσα.
1017 2788 1050 2859 ἣν
1069 2786 1205 2869 Ἀφροδίτῃ
1226 2784 1274 2865 θύῃ
1297 2786 1393 2867 πυρούς
1414 2808 1421 2848 2
1443 2784 1547 2869 Πυροίις
1564 2788 1687 2870 λίγαιτῇ

67 2912 87 2947 25
128 2876 323 2959 χαλεπωτάτους
333 2874 439 2955 λόγωςι
451 2869 518 2934 ’λντί
529 2876 574 2931 τοῦ
586 2869 731 2951 λυπηροὺς.
743 2870 863 2952 χολίψαῑ
907 2874 1045 2957 Ἀφροδίτῃ
1064 2874 1143 2949 θύειν,
1165 2874 1222 2933 ἐπεὶ
1240 2878 1264 2935 οί
1284 2874 1355 2955 ίφθοί
1374 2874 1452 2955 πυροί
1465 2876 1531 2957 πρὸς
1551 2876 1688 2937 συνουσίαν

97 2968 246 3045 δυναμένους.
906 2963 1043 3043 ἐγερτικοί.
1054 2966 1072 3035 ή
1085 2962 1112 3021 δὲ
1125 2963 1237 3045 φαληρίς
1247 2961 1334 3045 όρνεόν
1344 2965 1400 3021 ἐστι
1410 2963 1530 3043 λιμναῖον
1541 2964 1686 3045 (ιύπρεπές.

128 3076 170 3117 ιιο.
193 3058 273 3133 (ἐμῶν
289 3052 412 3135 πατίρων
431 3072 438 3113 :
454 3048 646 3131 Ἐρεθισθίντες
662 3046 714 3107 ύπδ
727 3050 779 3107 τῶν
797 3070 863 3128 πρε-
907 3051 1072 3132 ίοχημάτισε
1086 3051 1113 3112 δί
1126 3049 1200 3130 παρὰ
1211 3050 1255 3109 τὸν
1270 3048 1389 3133 φαλλόν).

98 3144 186 3201 σίυτῦν
198 3140 352 3201 καταδοῦσι
364 3144 415 3199 τῶν
432 3136 554 3219 πατίροιν
567 3139 602 3203 ὡς
616 3134 802 3195 ἀπολεσάντων
816 3132 862 3207 τήν
946 3160 996 3201 εει.
1019 3140 1052 3211 ἣν
1066 3139 1094 3198 δὲ
1108 3142 1256 3200 Ποσειδῶνι
1273 3154 1280 3200 :
1296 3138 1453 3220 (Γράφιται,
1466 3138 1612 3199 Ποσειδῶνι
1626 3144 1688 3221 βοῦν
1702 3172 1730 3213 ³0

99 3231 240 3309 βασιλείαν.)
906 3250 945 3294 τις
956 3227 1025 3307 θύῃ.)
1044 3232 1125 3298 νῆα-ια
1140 3225 1167 3285 δὲ
1179 3225 1252 3307 παρὰ
1266 3224 1297 3285 τδ
1310 3224 1449 3305 νήχεσθαι,
1466 3224 1523 3286 inl
1540 3226 1644 3311 ίνυδρον
1657 3228 1689 3288 τό

68 3348 88 3387 ιι]
130 3338 172 3378 m.
193 3316 234 3377 ἐπ’
248 3320 316 3395 ἐμοῦ
334 3336 342 3376 t
360 3318 406 3383 Εἰς
420 3312 480 3373 ύσον
494 3310 586 3379 αὐτούς
602 3310 654 3388 ίγδι
670 3308 763 3391 χρόνον
780 3311 862 3369 διεδτ-
907 3317 980 3396 ζῷον.
995 3312 1091 3396 καὶτῷ
1104 3316 1249 3375 Ποσειδῶνι
1263 3314 1291 3373 δὲ
1306 3317 1332 3375 ἐν
1345 3316 1445 3397 ύγριῖιή
1460 3312 1557 3375 δίαιτα.

98 3406 181 3486 χόμην.
947 3422 994 3463 ωε.
1015 3400 1063 3483 [ἢν
1079 3402 1102 3460 δ’
1117 3402 1245 3483 Ἡρακλεῖ
1263 3401 1312 3480 θύῃ
1332 3425 1371 3470 τις
1390 3424 1398 3462 2
1416 3400 1470 3463 Τόν
1484 3403 1564 3485 λάρον
1580 3402 1623 3463 διδ
1640 3403 1688 3476 τήν

130 3514 172 3555 ιιι.
192 3494 225 3554 τί
238 3492 342 3553 νεόττια
359 3490 453 3551 εὩσεί
467 3478 538 3548 εἶπεν
554 3482 600 3564 δμί
614 3484 660 3546 καί
674 3484 708 3544 τὰ
721 3484 801 3546 τίκνα
813 3508 863 3565 μου
906 3489 1056 3571 ἀδηφαγίαν
1076 3488 1204 3571 Ἡρακλεῖ
1221 3488 1410 3573 προσανάπτει.
1430 3488 1523 3559 ναστδς
1543 3490 1590 3563 δί,
1605 3489 1689 3571 μίγας

99 3580 223 3661 ἀνατίθημί
243 3604 285 3641 σοι
304 3579 373 3639 ὥστε
389 3580 503 3637 διοικεῖν.
519 3576 614 3653 (ταῦτα
632 3572 659 3633 δί
678 3573 784 3633 εἰώθασι
799 3574 865 3657 πρδς
906 3576 1109 3651 πλακουντώδης
1123 3576 1207 3659 άρτσς.
1223 3581 1237 3636 θ
1251 3576 1279 3636 δὲ
1293 3576 1487 3651 Ἀσκληπιάδης
1500 3578 1578 3660 φησίν
1592 3580 1685 3651 ιθτελῆ
1700 3607 1727 3645 ιι,

99 3670 147 3737 τυθς
157 3671 251 3741 εὐήθεις
261 3672 315 3729 τῶν
330 3666 472 3747 ἀνθρώπων
484 3663 586 3742 λέγειν.)
667 3708 672 3717 .
906 3668 1068 3725 πλακοῦντα.
1086 3664 1256 3741 μελιτούττοις
1275 3664 1316 3737 δὲ,
1332 3663 1419 3743 μίλιτι
1439 3664 1601 3743 θεδευμίνας.
1616 3665 1646 3726 τό
1660 3668 1688 3727 δὲ

69 3780 88 3819 οι
131 3778 173 3819 ιω.
188 3757 227 3817 δτι
238 3756 357 3839 ὀφείλετε
371 3754 433 3831 μίαν
448 3751 523 3811 πόλιν
536 3749 614 3830 ἔχειν.
630 3760 659 3807 R.
673 3760 703 3807 V.
906 3753 1017 3833 πλῆρες,
1025 3750 1136 3819 ναστοὺς
1143 3751 1189 3810 καί
1199 3751 1380 3829 μελιτούττας.
1391 3751 1476 3813 λείπει
1486 3752 1537 3834 γδρ
1548 3755 1618 3815 θκαί
1627 3755 1689 3814 σύν-

130 3866 172 3906 ειι.
192 3846 221 3905 τδ
235 3842 334 3921 μεταξὺ
347 3840 417 3921 λίγει
429 3844 477 3919 γῆς
491 3836 536 3897 καί
550 3838 669 3917 ούρανοῦ.
685 3847 705 3894 R
907 3838 1025 3919 δεσμος]

130 3952 172 3992 οοο.
191 3930 307 3997 πλίνθοις
328 3931 421 3994 διτταῖς
442 3946 450 3987 2
474 3926 551 3987 Φαολ
571 3924 622 4007 γαρ
646 3922 694 3995 αθ*
716 3922 863 3985 Βαὸολῖοοα
945 3948 995 3988 ειη
1017 3926 1121 4008 ὀρχίλος
1132 3926 1221 4009 όρνιςτ
1238 3924 1305 4009 [M
1318 3924 1365 3994 τίς
1376 3926 1497 4008 μοιχείας
1510 3934 1555 3989 τοῦ
1571 3928 1631 3997 Διδς
1643 3930 1688 3989 τὸν

99 4020 142 4079 ἀπό
159 4024 241 4079 διττῶν
264 4018 379 4078 πλίνθων
399 4016 615 4091 οἰκοδομηθῆναι,
638 4010 684 4071 καί
704 4012 763 4071 ἀντί
780 4012 863 4094 γύψον
906 4015 975 4097 όρνιν
987 4014 1162 4097 παρίλαδεν]
1171 4013 1307 4074 ἐπλάσατο
1317 4016 1348 4074 τὸ
1359 4016 1616 4097 όνοματοῦόρνιθος.
1630 4020 1687 4079 ίπεί
1701 4052 1728 4090 ⁴0

100 4106 209 4189 ίτφαλτιρ
228 4108 384 4176 πυνδεθήναι
406 4100 452 4171 τίς
474 4101 603 4169 πλίνθους.
626 4104 643 4172 ή
664 4098 815 4181 Σεμίραμις
836 4099 863 4161 δὲ
905 4102 1060 4185 κατωφερής
1073 4106 1088 4161 ὁ
1102 4101 1169 4170 Ζεὺς
1184 4101 1230 4161 καί
1246 4100 1352 4181 μοιχός,
1365 4103 1409 4162 διδι
1422 4109 1498 4163 τοῦτο
1511 4104 1616 4187 δρχίλον
1632 4130 1686 4165 πα-

72 4222 91 4259 ιο
103 4194 172 4254 lmen
182 4195 228 4267 τήν
240 4192 401 4255 Βαδυλῶνα.
906 4190 1027 4270 ρείληχεν
1038 4188 1081 4249 διδ
1092 4190 1150 4257 τοῦς
1159 4189 1254 4269 ὄρχεις.
1264 4190 1295 4248 τό
1305 4188 1332 4249 δὲ
1345 4190 1438 4273 σίρρον
1448 4191 1559 4272 ἔνορχιν,
1569 4198 1604 4261 ὡς
1612 4193 1685 4274 κριδν

131 4304 173 4344 εει.
192 4274 226 4363 [ὦ
240 4279 373 4361 Κεδριόνα
391 4296 399 4338 :
414 4276 451 4339 '0
468 4276 524 4336 νεύν
541 4274 567 4335 τί
580 4296 644 4358 φησι
657 4274 701 4334 τόν
715 4272 861 4358 κιδριόνην.
906 4274 1017 4357 ίνορχιν.
1033 4279 1112 4349 δῆλον
1130 4276 1158 4335 δί
1176 4279 1293 4335 ἐντεῦθεν
1312 4275 1353 4336 ότι
1370 4279 1433 4359 οὐχ,
1447 4282 1482 4347 ὡς
1499 4280 1596 4339 οἴονταί
1608 4304 1688 4355 τινες,

101 4370 174 4440 ίπαιξι
183 4372 222 4444 δὲ,
233 4368 298 4429 ὣσελ
316 4366 412 4445 ἔλεγεν,
426 4392 437 4417 ν
449 4364 545 4436 οιθεοί,
553 4366 588 4431 ὡς
598 4362 759 4445 σμερδαλίον
771 4363 801 4422 τό
811 4362 862 4421 πό-
906 4362 1013 4445 σπίρμα
1027 4388 1054 4423 τι
1067 4368 1081 4423 ό
1093 4364 1194 4446 σε’ρφος.
1208 4362 1277 4443 [ίστι
1289 4362 1317 4422 δὲ
1331 4368 1396 4446 ζῷον
1409 4368 1604 4448 μυρμηκῶδες]

99 4452 456 4536 λισμα.ιέπιτηδείιυςδίτδν
469 4450 637 4533 πορφυρίωνα
647 4448 805 4531 παρίλσδεν,
816 4448 861 4509 καί
945 4472 995 4511 σεο.
1028 4451 1112 4525 ήοθην
1132 4451 1220 4535 σέρφῳ
1239 4472 1247 4511 :
1267 4450 1317 4518 Ὣς
1333 4458 1504 4535 καταφρονῶν
1518 4456 1597 4515 αὐτοῦ
1613 4478 1685 4539 φησι.
1699 4490 1728 4530 ,ς

100 4545 131 4603 ότι
143 4544 205 4626 ύρνις
215 4544 260 4603 καί
274 4541 316 4601 ότι
329 4534 363 4609 εἷς
373 4542 426 4598 τῶν
435 4536 562 4616 γιγάντων
572 4536 862 4620 όμοιοςτῷίίιόριόνῃ,
906 4538 951 4597 καὶ
976 4539 1092 4619 δωρίζειν
1118 4538 1248 4607 πολλάκις
1272 4539 1476 4612 ίπιτηδεύουσιν.
1509 4578 1542 4589 -
1568 4542 1656 4625 σε’ρφιρ
1677 4566 1684 4605 :

71 4646 90 4681 ιι
100 4632 123 4689 δν
132 4632 307 4712 ἐγιιριίσατοὴ
320 4624 467 4709 Ἀφροδίτη.
480 4622 598 4697 ἐπίτηδες
608 4616 652 4684 οδν
662 4625 862 4705 τῶνθεομάχων
907 4624 1008 4707 Σίρφος
1021 4624 1128 4706 μύρμηξ
1143 4623 1283 4707 πτερωτός.
1305 4636 1367 4686 Vici.

101 4722 214 4797 ἐμνήσθη,
226 4719 283 4781 ἐπεὶ
295 4718 341 4777 καί
356 4714 428 4775 αύτοί
440 4712 670 4793 διαμαχήσονται]
946 4732 995 4774 εει.
1017 4714 1076 4772 ἀντί
1088 4719 1134 4774 τοῦ
1146 4714 1258 4779 εὐτελεῖς
1268 4711 1380 4795 όρνιθας.
1394 4724 1424 4773 11.

133 4830 176 4869 ιιι.
195 4803 388 4883 γνωσιμαχήσῃ
405 4823 412 4862 :
428 4800 635 4879 Γνωαιμαχῆσαί
651 4802 707 4859 ίστι
720 4800 751 4860 τθ
766 4800 861 4880 γνόντα
944 4820 994 4861 ιιι.
1017 4799 1112 4860 αὐτίκα
1125 4800 1195 4873 Νίκη
1210 4798 1321 4859 πίταται
1334 4820 1342 4859 :
1357 4802 1521 4882 Νεωτερικδν
1531 4802 1561 4860 τδ
1575 4802 1622 4874 τήν
1637 4804 1687 4867 Νί-

102 4894 149 4952 τινδ
159 4894 195 4953 ότι
205 4894 270 4977 πρός
284 4892 416 4973 κρείττους
429 4890 530 4968 αθτῷή
546 4886 620 4967 μάχη
632 4887 776 4967 ήσυχοίσαι.
905 4912 954 4961 κην
965 4886 1013 4947 καί
1026 4886 1070 4947 τδν
1084 4884 1193 4969 Ἔρωτα
1206 4890 1376 4969 ἐπτερῶσθαι.
1391 4882 1529 4971 Ἄρχεννον
1543 4890 1593 4971 γάρ
1608 4915 1686 4973 φασι,
1701 4926 1733 4962 ιη

134 5002 175 5041 ινα
194 4980 260 5061 ίερδν
271 4979 386 5057 πόλεμον
400 4998 407 5037 :
422 4975 456 5037 ‘0
469 4974 537 5057 ίιρδς
549 4974 661 5051 πόλεμος
672 4973 774 5051 ἐγίνετο
787 4975 859 5045 Ἀθη·
904 4974 948 5034 τόν
961 4974 1102 5036 Βουπάλου
1109 4974 1154 5033 καί
1162 4974 1292 5046 ’Δθήνιδος
1304 4974 1415 5055 πατέρα,
1423 4980 1448 5035 οί
1455 4974 1483 5037 δί
1492 4978 1687 5061 Ἀγλαοφῶντα,

73 5068 170 5136 ..οναίοις
185 5068 247 5149 πρδς
263 5064 392 5132 Βοιωτούς
408 5060 575 5143 βουλομένους
588 5060 727 5142 δφελίσθαι
742 5060 861 5121 Φωκίων
904 5062 949 5123 τὸν
964 5062 1066 5124 Θάσιον
1081 5063 1231 5143 ζωγράφον,
1242 5062 1345 5135 πτηνὴν
1354 5063 1516 5145 ἐργάσασθαι
1528 5064 1576 5137 τήν
1590 5067 1686 5143 Νίκην,

103 5156 256 5232 τδμτντεῑον.
272 5153 424 5225 νικήσαντες
437 5148 464 5209 δί
475 5150 599 5209 Φωκεῦσι
612 5148 692 5207 πάλιν
709 5146 862 5220 δπίδωκαν,
905 5155 940 5219 ὣς
952 5154 976 5209 οί
987 5150 1048 5264 περί
1063 5146 1210 5231 Καρύστιον
1222 5150 1265 5221 τδν
1279 5148 1455 5233 Πίργαμηνόν
1469 5175 1556 5233 φασιν.

102 5244 278 5323 &mamm
294 5243 374 5318 (ἐυτῇ
387 5238 418 5317 δ)
430 5236 509 5315 λέγει.
523 5235 568 5294 δύο
584 5234 610 5294 δὲ
621 5234 684 5317 ίεροί
695 5236 807 5314 πόλεμοι
818 5258 861 5315 γε·
947 5258 995 5299 ιιι.
1031 5238 1128 5318 ίρινδί
1149 5238 1174 5318 γ’
1188 5234 1311 5321 Ὄμηρος
1324 5237 1417 5299 ε”ίλτι
1437 5239 1560 5320 ψεύδεται
1577 5242 1685 5315 παίζων.

79 1029 89 1063 ι
253 1010 473 1073 οὔδ’ᾶνεῑδοίνςγὲ
483 1026 522 1073 μοι

161 1088 200 1136 τόν
211 1082 316 1135 Πλοῦτον
329 1085 398 1133 αὐτόν
407 1084 447 1131 καί
457 1082 485 1131 τὸ
494 1079 584 1130 Βάττον
593 1080 691 1141 σίλφιον.
