4100 6109
644 387 840 453 scflomA
868 388 914 448 IN
943 385 1136 449 PLUTUH.
1640 399 1693 454 θοι

108 531 185 600 εἰπεῖν,
196 521 267 604 είπερ
280 523 328 581 τιν’
340 519 418 580 ἄλλον
433 512 489 578 είπε
500 517 565 600 πρὸς
577 519 625 590 τὴν
638 517 743 580 ὄπισθεν
756 520 872 578 αίτεατι-
956 516 1070 580 στιόάδα
1084 536 1093 580 2
1111 515 1259 599 Στρωμνλν
1277 517 1308 576 έκ
1329 513 1442 596 σχοίνων
1452 517 1650 598 πεποιημένην.
1663 523 1701 582 Θ.

109 615 158 686 niv.
169 623 232 672 sunt.
252 607 277 670 εί
289 608 337 668 τιν’
351 607 430 668 ἄλλον
447 629 454 669 :
469 605 539 667 Ἀντί
553 613 599 666 τοῦ
613 609 648 674 ὡς
668 605 770 668 ούδίνα.
782 606 873 666 ὀλλον.
917 606 966 680 τὴν
990 608 1021 668 ἐκ
1033 604 1137 688 χόρτων
1158 604 1306 687 στρωμνήν.
1324 615 1387 664 vict.
1399 605 1493 676 στεόθς
1511 611 1529 678 ἡ
1552 610 1583 668 ἐκ
1601 607 1703 689 χόρτων

108 718 135 764 Ρ,
147 697 268 782 μακάρων
282 716 289 756 :
303 695 355 757 Διό
366 693 414 766 τλν
429 692 582 776 ὀνύόλεψιν.
592 698 629 756 Θ.
643 705 694 754 Do.
710 693 853 772 εὐδαίμονα
865 711 874 753 2
919 693 1055 772 στρωμνὴ,
1070 691 1088 766 ἡ
1103 691 1206 754 τοιοῦτό
1218 716 1254 754 τε.
1268 693 1313 754 καί
1326 693 1427 770 γίνεται
1442 693 1518 776 πορθ
1538 694 1569 755 τό
1581 695 1704 769 ατείόειν,

108 780 537 867 Εὐτυχῆ.θο.διδτόάναόλίψαι.
551 794 586 842 Ρ.
918 779 1045 842 ὀέστιτδ
1058 787 1220 862 περιπατεῖν.
1236 780 1329 848 στιόδις
1345 779 1704 862 γδρκυρίωςὴπεπιλημένη

87 904 97 943 ς
136 896 179 938 ιιε.
198 871 241 933 ἐπὶ
259 871 391 932 θάλατταν
410 869 509 949 ἤγομεν
525 891 533 932 :
547 869 657 930 Είθιστο
674 867 726 952 γόρ
745 871 800 937 τοῖς
820 871 872 951 ἀρ-
918 868 966 928 καί
979 859 1033 928 οἷον
1045 867 1302 946 καταπεπατημένη.
1318 875 1382 926 θέοι.
1395 867 1634 949 τθπαρεκαττύετο
1644 868 1732 929 δντὶε

108 965 180 1045 χαίοις
205 963 259 1021 ἐκεῖ
282 957 416 1042 καθαίρειν
439 957 498 1026 τούς
522 955 740 1039 ἐρωσιωμίνους,
768 960 805 1026 ὣς
830 955 876 1017 καί
919 961 966 1016 τοῦ
984 960 1080 1036 συνῆγε
1099 956 1145 1016 καί
1164 955 1285 1028 συνετέθη
1308 954 1430 1036 σχωνία,
1451 955 1469 1015 θ
1489 958 1626 1025 ἰδιωτικῶς
1641 980 1706 1039 ρασι

107 1036 210 1131 ’θμερος
225 1056 265 1122 [n.
286 1061 322 1122 Δ,
335 1053 385 1120 ιιι]
398 1073 410 1099 «
424 1043 470 1105 καί
485 1046 522 1113 είς
540 1045 594 1104 ἅλα
611 1043 709 1124 λύματ’
723 1043 846 1106 έόαλλσν.
860 1070 872 1097 ν
921 1045 1035 1124 βρσῦλα,
1048 1048 1159 1117 ποιῆσαι
1170 1045 1206 1111 εἰς
1220 1042 1333 1102 στιόάδα
1344 1043 1495 1126 στρωμνήν.
1510 1058 1558 1108 Do.
1569 1047 1704 1107 συνετίθει.

148 1137 237 1198 εἴθιστο
254 1141 332 1195 τοῦτο
344 1140 438 1206 ποιεῖν,
451 1135 487 1200 ῶς
504 1131 589 1206 έοικε,
607 1135 661 1201 τοῖς
680 1133 736 1193 ἐκεῖ
754 1136 877 1215 ὀρικνου-
921 1140 951 1189 θ.
965 1143 1014 1192 δι’.
1029 1129 1181 1213 έσωρεύετο.
1199 1141 1249 1191 θα.

74 1271 76 1280 .
109 1225 182 1306 μένοις
191 1226 388 1306 θεραπευθῖῑναι.
402 1221 439 1282 Θ.
960 1239 1009 1280 σοι.
1031 1218 1171 1298 δεόμενοιε
1187 1217 1347 1299 Χρήζοντες.
1362 1232 1415 1279 Dv.

80 1337 99 1376 ιο
139 1335 183 1376 ωι.
203 1311 284 1372 ἔπειτ’
299 1313 428 1388 ίλοῦμενε
444 1307 509 1370 Ἀπδ
521 1313 567 1368 τοῦ
577 1307 645 1382 λόω,
656 1307 674 1380 ἢ
687 1307 740 1368 άπό
749 1313 795 1368 τοῦ
807 1305 879 1368 ἐλού-
961 1328 1010 1368 σοι.
1030 1298 1134 1463 2350ae
1151 1330 1182 1386 γε
1198 1306 1378 1380 Νεοκλαίδηςτ
1394 1307 1461 1385 (Καὶ
1474 1311 1511 1376 είς
1524 1307 1610 1369 πολλδι
1623 1333 1707 1369 κεκω-
1721 1329 1748 1368 ιο

108 1426 160 1480 ορεν
171 1399 237 1461 εοτδ
249 1397 395 1479 ουγκοπιίν.
409 1426 442 1436 -
454 1395 570 1456 Ἀττικόν
588 1395 619 1455 τὸ
632 1397 743 1475 ἐλοῦμεν
756 1395 816 1455 ἀντὶ
827 1400 876 1455 τοῦ
922 1395 1046 1478 μῴδηταε
1135 1398 1152 1471 ·)
1168 1397 1204 1462 εἰς
1218 1393 1318 1477 βίτορα
1328 1395 1376 1454 καί
1387 1395 1420 1455 τό
1434 1395 1709 1474 δημόσιακλίπτοντα

109 1489 225 1568 έλούομεν,
237 1488 284 1548 καὶ
297 1485 367 1547 κατδ
381 1483 516 1566 συγκοπὴν
528 1485 650 1562 ἐλοῦμεν.
664 1495 704 1544 Br.
922 1486 968 1545 καί
980 1483 1051 1553 ξένον
1061 1482 1108 1544 καί
1118 1481 1166 1548 τθε
1179 1481 1252 1561 ὀψεις
1263 1481 1457 1560 λελωόημένον.
1469 1483 1572 1563 είρηταε
1582 1484 1611 1544 δέ
1624 1485 1670 1544 καλ
1681 1489 1708 1546 έν

140 1577 167 1647 νὴ
180 1574 219 1638 Δί
233 1573 387 1651 εύδαίμωνε
405 1572 455 1634 Ἔν
471 1571 604 1654 είρωνείρ,
619 1570 678 1630 ἀντὶ
693 1575 739 1630 τοῦ
753 1569 880 1632 κακοδαί-
924 1573 1073 1652 Πελαργοῖς
1085 1568 1147 1650 περὶ
1160 1571 1240 1629 αύτοῦ
1250 1567 1388 1651 ύτιβήτωρ
1398 1570 1445 1629 καὶ
1455 1571 1619 1651 συκοφάντης
1628 1571 1708 1635 ἐστίν.

109 1684 164 1742 μων·
175 1662 212 1742 (ιδ
225 1660 277 1744 γδερ
290 1653 320 1721 εύ
334 1659 392 1720 ἀντί
411 1665 457 1720 τοῦ
469 1661 513 1728 δυς
525 1658 627 1740 μορίου.
640 1658 671 1719 τό
688 1657 820 1740 δέψυχρᾳ
831 1663 879 1717 θα·
922 1690 953 1699 -
965 1659 1018 1720 ναί.
1032 1649 1068 1726 ε’ίς
1082 1657 1131 1737 μέν
1142 1681 1173 1735 γε
1236 1657 1391 1738 Ρ.τυρλός;
1405 1657 1531 1732 Ἀνίητος.
1544 1672 1593 1721 θα.

81 1772 99 1809 ιι
109 1753 195 1830 λύπη,
206 1750 249 1809 διδ
261 1747 294 1808 τδ
310 1752 358 1820 τῆς
372 1745 460 1815 οὐσίας
476 1747 575 1829 ψυχρὸν
588 1751 640 1806 τῶν
654 1745 793 1828 γερόντων.
807 1744 880 1806 τδδί
963 1766 1011 1808 ιω.
1033 1745 1153 1806 κλέπτων
1167 1767 1174 1806 :
1186 1746 1355 1826 Δωροδοκῶν.
1378 1743 1437 1812 τούς
1455 1746 1598 1825 βλέποντας
1613 1769 1621 1808 :
1641 1747 1710 1816 Τοῦς
1725 1775 1750 1815 ις

85 1885 89 1894 .
108 1835 173 1923 ᾖμεν)
188 1839 244 1899 άντλ
258 1843 307 1898 τοῦ
323 1835 509 1919 ἐπορευόμεθα·
524 1831 564 1896 διδ
583 1833 653 1914 μετὰ
663 1840 709 1894 τοῦ
723 1859 741 1897 ι.
760 1835 812 1896 άπὸ
829 1833 880 1914 γδρ
924 1833 1072 1917 ρρονίμονς.
1085 1832 1286 1915 ὑπερηκόντισεν
1297 1854 1304 1893 :
1316 1831 1506 1915 Ὑπερίόαλεν.
1522 1848 1568 1894 θα.
1583 1835 1710 1916 ύπερέόη.

51 1961 56 1980 ι
108 1933 144 1987 τοῦ
155 1927 205 1986 είω.
655 1937 661 1952 ·
925 1934 955 1983 Ρ.
974 1921 1145 2004 ύπερέόαλεν.
1157 1921 1211 1980 ἀπὸ
1223 1924 1276 1980 τῶν
1289 1919 1482 1989 ἀκοντιζόντων.
1493 1935 1525 1983 V.
1539 1922 1710 2004 ύπερέόαλεν,
1816 1925 1819 1928 ’

140 2036 182 2076 ιω.
201 2007 268 2093 ἦμεν
295 2009 502 2094 εὙπίρχομεν.
519 2022 569 2072 θα.
620 2001 689 2092 ᾖμεν
712 2032 720 2072 ι
737 2010 881 2094 Ἐπορευό-
925 2009 978 2070 ὀπδ
992 2019 1143 2092 μεταρορίς
1153 2012 1208 2069 τῶν
1219 2009 1255 2070 τδι
1269 2009 1378 2068 ἀκόντια
1393 2009 1546 2090 βιπτόντων,
1557 2022 1586 2070 θ.
1597 2023 1669 2084 θυεμ.
1689 2060 1693 2067 ,

109 2109 172 2181 μεθα.
186 2115 217 2164 Ρ.
235 2113 263 2163 θ’.
965 2119 1014 2160 σοι.
1035 2098 1196 2158 παντοδαπὰ
1210 2120 1218 2160 :
1234 2098 1364 2158 Παντοῖα.
1378 2109 1409 2158 θ.

80 2218 99 2258 ιι
140 2212 186 2251 σω.
209 2189 263 2269 (ὀπὶ
274 2187 305 2248 δὲ
321 2190 425 2269 βωμῷε
441 2185 511 2246 Ἀντί
524 2191 587 2264 τοῦ,
600 2185 755 2260 ύσιωθείσης
771 2189 821 2258 τῆς
836 2191 880 2246 θυ-
964 2207 1012 2248 σω.
1034 2184 1213 2270 παραγγέλλω
1231 2187 1323 2266 δοτικῇ
1345 2184 1528 2246 συντάσσεται.
1547 2185 1682 2247 καθεύδειν
1700 2207 1709 2249 :
1724 2209 1753 2250 εο

109 2277 157 2345 σίας
169 2277 213 2337 καί
230 2280 284 2336 τῶν
298 2272 481 2356 άπαργμάτων
498 2271 542 2332 ἐπὶ
563 2277 616 2333 τῶν
632 2277 728 2352 βωμῶν
746 2271 882 2347 τεθέντων,
926 2275 1051 2348 Ὑπνοῦν,
1063 2273 1082 2347 ἢ
1093 2277 1197 2336 κεῖσθαι
1208 2271 1323 2355 ἡσύχως.
1336 2284 1366 2333 θ.
1379 2279 1531 2352 κοιμᾶσθαι.
1544 2288 1575 2340 Ρ.

110 2365 223 2424 όιπωταε
242 2367 289 2423 τοῦ
307 2365 399 2444 βωμοῦ
420 2357 438 2431 ἢ
456 2366 502 2420 τοῦ
524 2365 605 2420 κανοῦ
623 2358 669 2420 καλ
682 2358 883 2442 ἐπιφθέγγονται
966 2384 1023 2426 ατο..
1037 2363 1211 2448 πρόσπολσςι
1233 2360 1268 2424 ‘0
1291 2359 1433 2443 νεύαορος,
1457 2364 1556 2431 δοῦλος.
1573 2375 1603 2425 Θ.
1631 2367 1713 2425 Dm

109 2453 175 2532 ὀσια,
186 2451 229 2514 καὶ
243 2449 306 2512 τότε
320 2449 404 2520 ίξεστι
417 2448 472 2516 τοῖς
489 2447 541 2508 ἀπὸ
554 2451 601 2521 τῆς
613 2448 704 2518 θυσίας
717 2450 800 2516 ἀδεῶς
812 2454 883 2531 χρῆ-
926 2450 1075 2532 πρόσπολος
1090 2471 1098 2512 :
1121 2450 1155 2512 Ὁ
1167 2447 1259 2531 ἱερεύς.
1280 2459 1306 2507 V.
1323 2460 1354 2509 P.
1368 2448 1492 2522 αίσθηταε
1505 2472 1513 2513 :
1531 2453 1580 2518 Εέε
1592 2449 1713 2526 αἴσθησιν

110 2547 168 2600 σθαι.
226 2559 240 2578 ·
926 2536 1016 2610 ἦσθον.
1035 2549 1082 2599 οο.
1097 2537 1273 2598 συντάσσεται
1288 2533 1319 2595 τδ
1332 2535 1493 2615 αἰσθάνομαι
1505 2537 1552 2598 καί
1569 2540 1714 2621 γενυιῇκαί

80 2659 100 2698 25
142 2625 183 2687 καί
200 2626 362 2708 προθύματα
379 2622 536 2706 τΓράρεται
556 2623 602 2682 καὶ
619 2621 770 2704 θυλήματα.
785 2623 884 2704 σημαί-
927 2627 1070 2706 αἰτιατικῇ.
1084 2635 1115 2684 θ.
1128 2623 1211 2704 νοήσῃ
1221 2621 1332 2684 κτύπου.
1350 2633 1382 2684 Ρ.
1725 2650 1755 2692 2⁶
1829 2644 1834 2654 ·

110 2740 140 2775 νει
152 2713 177 2775 ὀί
187 2713 221 2774 τδ
233 2711 483 2794 προκατάργματα,
506 2707 524 2782 ἢ
539 2707 573 2768 τδι
587 2709 639 2792 πρδ
649 2715 696 2784 τῆς
707 2710 797 2781 θυσίας
809 2710 884 2790 γινό-
966 2733 1016 2776 σιι.
1038 2711 1154 2793 κοσμίως
1172 2731 1181 2774 :
1203 2711 1356 2779 Εύτάκτως.
1372 2722 1421 2771 Dv.
1433 2710 1566 2781 εότάκτως
1580 2713 1626 2774 καί
1644 2713 1714 2788 ἡσύ-

110 2827 165 2884 μενα
178 2801 350 2881 θυμιάματα,
364 2797 382 2871 ἢ
396 2795 580 2876 πλακούντια.)
927 2824 990 2882 χως.
1004 2811 1035 2864 Θ.
1048 2810 1092 2875 Ρ.,
1109 2810 1173 2860 Vici,

140 2890 241 2950 πόπανα
256 2885 468 2966 τέ’λυκύσματα.
478 2897 527 2946 Dv.
542 2897 572 2945 P.
585 2885 746 2968 πρυχύματα
758 2908 767 2950 2
779 2885 824 2950 Τθ
834 2910 884 2948 κα·
967 2907 1017 2950 σιν.
1039 2887 1138 2970 ἐθάρης
1155 2885 1241 2967 χύτρα
1253 2909 1293 2954 τις
1311 2905 1319 2946 :
1340 2883 1471 2966 [Ἀθάρα,
1486 2885 1586 2965 μόνηὴ
1604 2888 1714 2966 σεμίδα-

109 2975 246 3057 ταχύματα.
260 2987 314 3037 θα.
329 2972 364 3034 τό
376 2973 428 3056 πρό
440 2975 487 3042 τῆς
502 2972 592 3044 θυσίας
604 2973 740 3055 γινόμενα.
751 2985 784 3037 Ρ.
802 2975 820 3036 θ
832 2974 885 3058 πρὸ
928 2978 976 3044 λις.
986 2975 1001 3058 ]
1013 2975 1136 3054 (Ἀττικοί
1149 2975 1177 3035 δέ
1189 2974 1233 3034 διδ
1245 2979 1292 3034 τοῦ
1303 2997 1321 3045 η
1333 2971 1446 3053 ἀθάρης,
1458 2978 1574 3046 [Αἰολεῖς
1586 2975 1685 3060 άθήρας
1693 2984 1714 3052 ,]

80 3069 147 3136 ωτῆς
160 3063 246 3131 θυσίας
258 3063 346 3122 ποιεῖν
358 3061 423 3129 ίθος.
438 3075 468 3124 θ.
482 3069 553 3128 Vict,
614 3075 619 3084 '
929 3060 1074 3134 ἠδέκοινλ
1092 3061 1137 3120 διδ
1153 3067 1200 3120 τοῦ
1211 3084 1229 3120 α
1241 3059 1350 3141 ὀθόρας.
1368 3058 1425 3119 έστι
1441 3059 1469 3120 δέ
1485 3060 1593 3144 ἄλευρον
1609 3062 1715 3144 ἡψημέ-
1727 3085 1755 3127 ω

141 3173 183 3212 τοι.
203 3148 366 3223 καθωσιώθη
391 3149 503 3222 πέλανος
520 3173 527 3212 :
547 3153 621 3228 (Τοῖς
633 3148 778 3224 καθήκουσι
797 3148 887 3228 νόμοις
929 3151 995 3227 νον.)
1009 3182 1049 3196 -··
1061 3147 1527 3230 Ἀτεεκολόθάρας,λέολεῖςόθήρας.
1540 3149 1611 3228 λέγει
1624 3151 1653 3211 δέ
1666 3152 1714 3225 τλν

109 3238 236 3320 άνιερόιθη,
249 3235 431 3316 καθηγνίσθη,
444 3238 463 3312 ἢ
476 3239 555 3307 ὁσίως
575 3235 705 3316 ἀνετέθη.)
722 3237 813 3310 ἐπειδὴ
830 3238 858 3298 δέ
871 3241 887 3298 θ
930 3238 1078 3317 σεμίδαλιν.
1089 3251 1120 3299 θ.

110 3327 250 3406 πέλανυςτῇ
263 3325 413 3410 Ἡφαίστου
426 3327 502 3408 φλογί
517 3321 675 3397 καθωσιώθη
689 3325 735 3385 καὶ
749 3324 783 3384 τδ
796 3325 886 3386 πόπα·
969 3325 1070 3408 ὀθσίρας
1082 3349 1090 3388 :
1101 3324 1202 3406 Ἧχονν
1214 3322 1381 3406 κουρκούτης.
1394 3323 1481 3405 ὀθόρα
1491 3324 1597 3405 λέγεται
1610 3330 1629 3399 ἡ
1643 3329 1716 3388 ῖδεω-

110 3438 136 3473 να
148 3415 190 3474 καλ
201 3413 235 3474 τόι
246 3410 417 3495 προθύματα
437 3413 593 3496 προθύματα
603 3409 632 3470 δέ
644 3411 703 3484 ἤτοι
713 3409 760 3480 τόις
770 3409 885 3494 ὀλύρας,
930 3417 1008 3482 τικῶς
1022 3413 1152 3494 λεγομίνη
1167 3410 1322 3494 κουρκούτη·
1336 3411 1421 3490 ἤγαγε
1438 3413 1467 3472 δέ
1485 3401 1664 3497 αὐτ-ληγραῶς
1676 3437 1716 3484 τις
1795 3467 1798 3472 .

80 3530 100 3570 5
110 3501 172 3584 παρά
183 3499 381 3582 τόπροθύεσθαι
392 3504 444 3560 τῶν
457 3499 558 3583 ἱερείων
570 3497 685 3580 ἢκριθδις
697 3498 716 3570 ἢ
730 3498 884 3559 λεόανωτόν.
930 3505 968 3584 τῷ
985 3502 1146 3585 Ἀσκληπιῷ·
1169 3500 1283 3568 είκότως·
1301 3502 1330 3559 αί
1346 3498 1399 3581 γδρ
1416 3508 1508 3581 γραῖαι
1529 3501 1590 3570 τούς
1609 3502 1715 3573 ὀδόντας
1727 3533 1755 3574 ³5

109 3589 174 3650 τόδί
191 3587 264 3663 έξῆς,
279 3586 381 3648 έπείδδ
397 3591 480 3670 βωμῷ
496 3587 654 3672 προθύματα
666 3585 822 3660 καθωσιώθη
838 3587 888 3648 Ἡ·
931 3589 1115 3650 ὀποόαλεῦσαι
1125 3591 1173 3649 ούκ
1187 3585 1319 3660 α’λλοτεῆ
1337 3586 1438 3667 ἀθάραν
1452 3587 1589 3648 ἐσθίουσιν·
1600 3597 1715 3652 τοιοῦτον

110 3677 207 3762 ρτίστον
230 3675 324 3760 ρλογλ,
349 3675 395 3736 καί
416 3675 524 3736 πόπανα
548 3675 594 3734 καί
613 3673 734 3742 πέλανος.
758 3673 886 3756 [Ἄλλως.
932 3677 1012 3758 ίχρῆν
1026 3676 1073 3736 καί
1091 3677 1172 3758 δῶρον
1184 3675 1266 3742 αότθς
1278 3673 1433 3757 προσφέρειν
1447 3679 1485 3757 τῷ
1501 3681 1561 3758 θεῷ.
1577 3689 1625 3738 Dv.
1639 3689 1668 3738 c.
1682 3691 1713 3739 1).

110 3765 157 3828 δέον
171 3768 261 3840 εἰπεῖν,
274 3763 324 3824 καί
338 3763 464 3836 πέλανος,
484 3768 498 3823 θ
514 3764 543 3822 δέ
560 3761 706 3831 ἀσυνδέτως
719 3761 830 3830 πελανος
847 3753 887 3822 εί·
932 3763 1049 3845 ὀθοίρα...
1064 3763 1177 3832 είκότως.
1194 3763 1239 3825 καὶ
1250 3767 1301 3843 γδρ
1315 3765 1343 3822 αί
1355 3765 1447 3845 γραῖαι
1460 3763 1519 3832 τούς
1531 3762 1637 3834 ὀδόντας
1647 3773 1716 3828 ὀπο-

109 3878 160 3915 πεν.
176 3851 264 3933 Ιἰστέον
285 3850 314 3911 ὀί
336 3850 376 3910 ότι
389 3852 434 3911 τδν
449 3849 496 3930 μέν
508 3851 621 3910 πέλανον
637 3853 663 3910 ἐν
680 3855 719 3932 τῷ
731 3852 796 3932 πυρί
815 3850 888 3933 έρρι-
933 3847 1080 3910 όοίλλουσαε
1100 3853 1136 3920 ῶς
1157 3854 1354 3913 ὀπιτοπλεῖστον
1373 3855 1408 3931 τῇ
1427 3850 1515 3933 ὀθάρρ
1538 3857 1657 3936 χρῶνται
1680 3857 1716 3924 είς

80 3966 100 4006 ιο
109 3963 174 4014 ττον,
186 3939 219 3998 τόι
233 3939 261 3999 δέ
274 3938 387 4000 πόπανα
397 3939 511 4007 καὶτοὺς
523 3942 688 4006 πλακοῦντας
701 3937 747 3998 καλ
759 3937 845 3998 τᾶλλα
860 3942 887 3998 ἐν
933 3940 1039 4019 βρῶσιν,
1050 3937 1097 3997 καί
1111 3938 1154 3998 διδ
1174 3946 1251 4000 τοῦτο
1264 3939 1310 3999 καλ
1326 3941 1366 4019 τῷ
1383 3939 1535 4020 Ἀσκληπιῷ
1552 3939 1601 4012 τλν
1615 3941 1714 4024 ὀθόραν
1727 3967 1757 4011 ςο

111 4030 175 4110 μέρει
184 4033 230 4088 τοῦ
245 4033 340 4109 βωμοῦ
355 4026 483 4089 ἐτίθεσαν.
496 4026 553 4100 ἢτό
567 4026 679 4093 πέλανος
692 4025 818 4108 ἑρμηνεία
831 4027 888 4088 έστλ
932 4025 1014 4105 δῶρον
1034 4023 1177 4088 ὀνετίθων.
1197 4035 1261 4086 vict
1278 4025 1401 4107 ὀθάρηςε
1418 4025 1594 4104 Σεμιόάλεως.
1618 4039 1648 4087 Ρ.
1662 4027 1716 4099 ἐξά·

110 4123 148 4175 τοῦ
162 4115 333 4198 προθύματα,
351 4114 447 4190 οὕτως,
461 4115 518 4176 ἐπεῖ
533 4113 561 4176 δὲ
574 4118 613 4198 τῷ
628 4117 712 4196 βωμῷ
731 4113 887 4186 καθωσιώθη
931 4115 1032 4185 πληττε
1046 4131 1055 4174 :
1069 4111 1241 4195 Ἐτάραττεν.
1255 4125 1306 4174 Do.
1332 4111 1466 4173 ίνέόαλεν.
1479 4126 1512 4176 Ρ.
1536 4117 1572 4183 είς
1588 4114 1716 4193 έμπληξιν

110 4203 138 4264 τί
150 4204 269 4282 πόπανα,
288 4201 335 4263 καῖ
349 4201 383 4262 τδ
406 4203 563 4284 προθύματα
579 4201 735 4276 καθωσιώθη
754 4205 788 4282 τῇ
812 4203 889 4284 ρλογὶ
931 4200 1006 4284 ίιρερε
1024 4199 1071 4260 καὶ
1085 4206 1186 4280 θαῦμα.
1202 4214 1233 4263 θ.
1250 4203 1287 4269 είς
1304 4199 1428 4272 ἔκπληξιν
1442 4201 1488 4262 καλ
1503 4201 1605 4281 θάμόος
1617 4202 1714 4287 ῖρερεν.

110 4297 148 4353 τοῦ
165 4292 331 4374 Ἥραίστου,
351 4289 486 4359 ύπέλανος
499 4290 577 4371 λέγω·
592 4291 606 4350 δ
623 4290 669 4350 καὶ
684 4299 810 4372 κρείττω.
823 4287 838 4371 ]
853 4325 887 4336 -
937 4301 1002 4348 θέοι.

80 4409 100 4450 ις
111 4378 254 4452 καθωσιέιθη
270 4400 278 4440 :
296 4376 465 4460 Καθιερώθη.
483 4391 532 4438 Du.
553 4376 676 4451 ἀνετέθη,
694 4375 836 4460 ὀριεριύθη.
857 4388 887 4437 θ.
971 4397 1020 4440 ωε.
1042 4378 1082 4461 ἐρ’
1098 4378 1132 4451 ἣν
1151 4377 1296 4457 ἐπεθύμουν
1309 4377 1449 4455 δαιμονίως
1466 4376 1612 4458 έρερπύσαι
1624 4398 1632 4440 :
1645 4378 1717 4461 [Πε-
1728 4401 1756 4452 σε

115 4477 148 4538 Ρ.,
161 4477 221 4526 Ριοε.
235 4463 351 4534 πέλανος
372 4485 379 4526 :
399 4455 475 4533 Εἶδος
494 4463 612 4546 ὀσπρίου.
632 4476 661 4525 θ.
674 4475 723 4524 θυ.
739 4477 771 4524 Ρ.
791 4462 887 4546 Ἦραί·
933 4463 1010 4544 μισσλ
1024 4468 1043 4536 ἡ
1058 4463 1106 4543 μία
1121 4465 1175 4527 ἐπί.
1198 4469 1234 4534 ὡς
1247 4456 1284 4534 τίς
1296 4469 1349 4524 τῶν
1370 4467 1446 4547 ίεριῗνν
1466 4463 1551 4544 ὀρεων
1573 4464 1716 4548 δηλονότι]

114 4575 169 4614 στου
179 4573 186 4618 :
198 4553 297 4636 Πυρός.
310 4566 360 4614 Dv.
749 4603 753 4612 .
807 4571 812 4582 “
931 4551 1078 4634 ἐρερπύσαε
1089 4554 1135 4626 δὲ,
1155 4553 1275 4633 βαδίσαι.
1291 4554 1344 4613 άπό
1358 4561 1508 4634 μεταρορδς
1520 4555 1571 4610 τῶν
1590 4555 1715 4634 ἑρπετῶν.

145 4661 188 4702 ωε.
209 4638 532 4720 κατενλίναμενεὴκατά
544 4638 602 4698 ἀντὶ
616 4642 662 4710 τῆς
674 4637 734 4701 ἀνά.
747 4638 829 4708 σύτως
844 4638 889 4699 λε’-
931 4641 961 4700 ἐιι
975 4639 1069 4700 τούτου
1085 4639 1113 4699 δέ
1128 4641 1178 4712 τὴν
1192 4641 1292 4721 ἥσυχον
1310 4639 1413 4711 κλοπὴν
1428 4638 1476 4711 τλν
1496 4639 1539 4698 ἐπί
1555 4638 1603 4712 τὴν
1616 4639 1716 4723 χύτραν

118 4751 189 4806 γωσιν
207 4727 330 4789 Ἀττικοί.
342 4740 375 4790 V.
389 4727 448 4788 ἀντί
465 4733 512 4787 τοῦ
532 4725 727 4805 κατεθήκαμεν.
739 4743 771 4788 θ.
794 4727 861 4795 εἰκὸς
878 4747 885 4789 :
932 4729 1015 4800 δηλοῖ.
1030 4761 1063 4772 -
1077 4728 1235 4807 δαιμονίωςι
1248 4727 1431 4800 Ἐπετηδείως.
1444 4740 1492 4788 Dv.
1505 4727 1609 4806 δεξιῶς,
1624 4729 1716 4804 ε’πιτη-
1852 4789 1858 4799 ,

81 4847 101 4884 με
113 4815 219 4896 Πρέπον.
231 4827 263 4877 Ρ.
932 4813 1016 4882 θείως.
1031 4827 1061 4876 θ.
1074 4828 1106 4875 Ρ.
1123 4815 1268 4897 ὀρερπύσαι
1284 4836 1292 4877 :
1307 4813 1430 4877 Βαδίσαι.
1445 4825 1478 4877 Ρ.
1731 4839 1758 4877 ω

147 4922 191 4964 εει.
210 4902 409 4985 παρεκαττύετο
421 4923 429 4964 :
442 4901 494 4964 Ἐκ
509 4901 636 4979 συλλογῆς
651 4901 820 4982 ηότρεπίζετο
836 4901 889 4962 ᾰπδ
972 4923 1022 4966 επ.
1043 4900 1104 4970 τοός
1125 4904 1196 4984 ρθοῖς
1216 4923 1224 4964 :
1249 4901 1361 4963 Ἀττικοί
1386 4901 1433 4980 μέν
1458 4901 1661 4980 μονοσυλλιίόως
1693 4907 1718 4964 οῖ

113 4994 158 5048 τῶν
177 4991 362 5070 κατωμάτων.
383 4987 541 5070 καττύματα
562 4987 589 5046 δέ
616 4987 738 5068 λέγονται
754 4993 778 5048 οἱ
799 4989 889 5072 μικροί
933 4993 1013 5074 φθοῖς·
1027 4994 1042 5050 ὀ
1057 4988 1085 5050 δέ
1101 4989 1275 5071 Καλλίμαχος
1293 4995 1385 5074 ρύοῖας
1405 4989 1463 5048 ἀντὶ
1475 4994 1521 5049 τοῦ
1536 4991 1717 5064 πλακοῦντας,

114 5077 210 5153 ἱμάντες
222 5080 246 5137 οἱ
258 5075 411 5160 ἐρριμμένοι
422 5076 468 5135 ἐπί
478 5081 523 5148 τῆς
537 5074 644 5158 κόπρου.
659 5075 730 5156 λέγει
741 5065 786 5136 ούν
799 5077 830 5137 ἐκ
843 5100 888 5152 με·
932 5077 1072 5158 πέμματα.
1085 5113 1126 5124 -
1142 5078 1224 5147 οὕτως
1235 5077 1438 5156 μονοσυλλάόως
1449 5077 1557 5150 σύνηθες
1575 5080 1662 5148 αότοῖς
1678 5081 1717 5140 λέ·

118 5169 177 5246 ερῶν
190 5165 235 5228 καὶ
248 5167 355 5226 πολλῶν
366 5165 415 5238 τὴν
426 5163 538 5226 στιύσίδα
551 5163 748 5244 ηύτρεπίζσμεν.
931 5189 996 5246 γειν.
1010 5165 1185 5247 Καλλίμαχος
1200 5195 1211 5218 ε
1228 5166 1267 5226 ὅδ’
1281 5158 1353 5233 αύθις
1366 5165 1440 5248 παρδ
1454 5170 1544 5250 ρθοῖας
1558 5195 1585 5241 ν,
1599 5172 1634 5236 ὡς
1647 5167 1716 5246 μάν-
