4100 6109
341 446 397 501 Ιθθ
917 436 1108 497 scuom
1134 438 1178 497 ΙΝ
1205 438 1365 500 PACEM.

338 609 381 655 τος
398 586 429 645 τδ
450 584 560 665 ἄγαλμα
582 586 628 656 τῆς
651 583 758 656 Ἀθηνᾶς
780 582 980 649 κατασκευάσας
1002 582 1120 664 θρείλετο
1165 582 1326 661 οἰκονομίαν,
1341 583 1387 643 κοιλ
1405 583 1560 665 ἐκπλαγήσῃ
1577 584 1666 647 αὐτόν.
1680 587 1769 647 πάντα
1786 586 1837 671 γάρ
1853 592 1932 673 τρόποι

336 675 367 734 τδ
388 672 495 757 χρυσίον
520 673 551 731 ἐκ
574 675 627 730 τῶν
647 670 796 753 δρακόντων
818 675 866 743 τῆς
884 672 1122 753 χρυσελεραντίνης
1164 664 1243 742 ήλθεν
1264 676 1291 732 ἐν
1312 676 1384 754 ἀρχῇ
1405 679 1452 732 τοῦ
1471 673 1619 753 ποιήματος
1639 676 1677 751 μὴ
1697 685 1875 759 προσκροῦσαι
1891 686 1934 750 τοῖς

338 762 461 835 Ἀθηνᾶς,
474 760 514 873 ἐρ’
529 750 553 840 ᾧ
565 759 758 839 καταγνωσθεὶς
772 758 905 836 ἐζημιώθη
919 764 998 840 ρυγῆ·
1012 759 1120 837 γενόμε-
1165 760 1321 834 Ἀθηναίοις,
1333 760 1439 843 ράσιιων
1452 760 1554 842 ἐτέρους
1571 754 1638 823 εἶναι
1648 770 1693 823 τοῦ
1706 764 1826 843 πολέμου
1839 769 1934 843 αἰτίοις,

336 874 377 917 νος
391 849 418 909 δὲ
433 853 469 915 είς
498 849 574 919 Ηλιν,
589 846 635 905 καί
651 845 833 927 ἐργολαόήσας
847 846 921 927 παρδ
939 851 991 905 τῶν
1009 845 1121 909 Ἠλείων
1166 847 1294 917 Βοιωτούς
1318 872 1347 907 τε
1369 847 1416 907 καλ
1438 853 1583 929 Μεγαρεῖς,
1610 851 1650 929 οἳ,
1672 852 1754 934 ρησὶ,
1778 858 1874 935 πρῶτοι
1895 858 1934 932 τδρ

309 936 488 1016 ιτδάγαλμα
500 940 546 994 τοῦ
560 933 620 1002 Διὸς
631 940 676 994 τοῦ
694 934 917 1012 Ὀλυμπίου,καλ
928 935 1124 1015 καταγνωσθεὶς
1166 934 1271 1016 εἰρήνην
1296 936 1473 1017 ἐσκορόδισαν.
1496 943 1540 997 νῦν
1564 938 1591 997 δέ
1612 939 1693 998 πάλιν
1720 939 1784 1009 τὼς
1803 940 1954 1015 Ἀθηναίωςι

251 1020 253 1025 “
335 1026 379 1085 ὑπ’
394 1028 480 1085 αὐτῶν
493 1022 727 1105 ώςνοσρισάμενος
740 1022 876 1104 ἀνῃρέθη.)
1166 1024 1340 1105 ἀποραίνεται
1364 1026 1533 1093 αἰτιωτάτους
1558 1032 1605 1086 τοῦ
1630 1028 1766 1107 πολέμου,
1790 1030 1823 1089 δι’
1845 1024 1881 1092 ἔοι
1900 1036 1935 1095 τὸ,

374 1132 424 1174 σοι.
447 1102 513 1188 (εἶτα
532 1111 677 1191 Περικλέης
698 1110 822 1191 ροόηθείς
838 1133 846 1173 :
865 1102 933 1173 Είτα
954 1114 968 1171 δ
989 1113 1123 1193 Περικλῆς
1166 1111 1299 1191 Περικλέα
1319 1118 1385 1193 ρησί
1397 1112 1498 1197 γράψαι
1515 1114 1546 1174 τὸ
1560 1114 1630 1174 κατδι
1650 1117 1797 1199 Μεγαρέων
1815 1120 1952 1201 ψήριομο,

335 1201 425 1269 δεδιώς
443 1200 481 1279 μὴ
495 1204 542 1272 τῆς
559 1199 641 1281 τύχης
658 1199 803 1279 κοινωνήσῃ
824 1203 908 1282 αύτῷ,
925 1199 1059 1259 τουτέστιν
1080 1200 1124 1257 εὖ·
1166 1201 1211 1259 καί
1234 1200 1417 1278 ἀδικουμένους
1434 1202 1495 1269 τούς
1514 1204 1669 1283 συμμάχους
1692 1208 1729 1271 εἰς
1750 1206 1891 1267 ἀπόστασιν
1905 1236 1938 1271 χε.

334 1290 496 1368 λαόούμενος
510 1286 548 1367 με)
562 1287 608 1346 καὶ
623 1286 699 1355 αιἰτθς
713 1292 833 1367 ζημιωθῇ
850 1292 929 1369 ρυγῇ.
947 1288 1031 1347 ἐδόκει
1044 1284 1123 1369 γάρὸ
1166 1286 1325 1368 χωρηκέναι.
1339 1288 1366 1346 τί
1381 1281 1426 1348 ούν
1443 1294 1522 1361 ήτοῦ
1535 1298 1645 1363 ποιητοῦ
1658 1293 1757 1373 τέχνης
1770 1294 1815 1353 δτε
1833 1296 1877 1373 μὲν
1892 1299 1938 1367 δέος
2010 1343 2011 1350 ,

298 1394 322 1431 ευ
336 1381 468 1460 Περικλῆς
481 1374 668 1455 συνεγνωκέναι
683 1380 715 1456 τῆ
730 1378 832 1456 κλοπῇ,
844 1375 901 1435 ἐπεὶ
913 1375 958 1434 καλ
970 1379 1123 1457 έργεπιστοι-
1166 1368 1198 1447 ῆν
1209 1380 1256 1446 τῆς
1271 1374 1374 1455 εἰρήνης
1388 1376 1482 1444 αιἰτοίις
1498 1380 1642 1460 ἐπιτυχεῖν,
1656 1382 1702 1441 ἐπὶ
1712 1380 1774 1450 τοῦς
1784 1382 1875 1451 ἀλλοις
1885 1388 1937 1458 διή-
1948 1410 1965 1447 ιι

334 1473 388 1528 τεῒν
406 1467 457 1526 ύπὸ
474 1470 526 1525 τῶν
543 1465 684 1537 Ἀθηναίων
699 1464 919 1545 κεχειροτόνηται.
936 1464 1059 1545 ροόηθείς
1078 1455 1123 1522 οὖν
1165 1487 1242 1544 νεγκε
1259 1464 1307 1535 τήν
1320 1464 1415 1523 αἰτίαν·
1435 1464 1478 1525 ὅτε
1497 1466 1525 1525 δέ
1542 1470 1629 1535 αὐτοῖς
1648 1470 1742 1528 λοιπὸν
1763 1478 1833 1530 κατὰ
1846 1475 1936 1553 γνώργι

335 1560 415 1615 αὐτοῦ
433 1556 616 1635 διελεγχθῆναι
637 1554 684 1621 τδς
700 1553 815 1632 κλοπὰς,
838 1552 942 1625 ἐκίνησε
964 1552 1008 1611 τδν
1032 1554 1122 1612 Πελο-
1165 1552 1355 1633 προκεχώρηκε
1371 1552 1406 1611 τδι
1421 1554 1589 1635 πράγματα,
1602 1555 1677 1637 ρήμη
1696 1556 1775 1615 δὲτὸ
1789 1564 1838 1631 τῆς
1852 1562 1938 1642 εἰρήνης

336 1643 510 1715 ποννησιακδν
539 1642 663 1719 πόλεμον,
695 1640 805 1709 ἐλπίσας
835 1646 955 1723 ταραχῆς
985 1637 1123 1717 γενομένης
1165 1644 1265 1719 τυχεῖν,
1278 1641 1329 1712 ήδη
1344 1640 1389 1699 καί
1402 1640 1467 1721 πρὸς
1481 1641 1574 1709 αὐτοὺς
1584 1644 1799 1725 παρρησιάζεται
1806 1652 1938 1719 ,αἰκδνει-
2010 1636 2011 1643 ¹

336 1733 381 1792 καὶ
392 1732 453 1814 περὶ
468 1732 513 1792 τδν
526 1730 641 1808 πόλεμον
658 1728 895 1811 ἀπασχοληθέντοιν
909 1736 961 1789 τῶν
980 1728 1122 1802 Ἀθηναίων
1167 1727 1238 1786 δίσαι
1251 1728 1407 1807 βουλόμενος
1421 1731 1524 1808 αὐτοῖς,
1539 1730 1591 1803 ήδη
1603 1733 1654 1811 γάρ
1666 1732 1786 1811 ἔγνωσαν
1798 1734 1875 1805 ὄντως
1885 1730 1939 1797 εἶναι
2010 1720 2011 1732 ¹

299 1844 323 1883 ιο
337 1823 441 1888 εὐθύνας
453 1819 490 1898 μή
504 1822 671 1901 παρασχεῖν.)
687 1824 775 1879 *τοῦ
791 1816 909 1880 Φειδίου.
925 1828 955 1877 n.
1167 1813 1261 1887 αίτιοι,
1287 1817 1345 1876 ἀλλ’
1376 1820 1527 1891 ἀποστῆσαι
1548 1818 1756 1901 προαιρούμενος
1784 1824 1873 1893 αὐτοὺς
1896 1831 1966 1887 τοῦτο
2012 1825 2013 1836 ’

376 1931 425 1969 εστ.
446 1909 491 1967 τόν
508 1906 619 1975 αὐτοδὰξ
643 1928 650 1967 :
674 1911 699 1967 Τ
700 1908 728 1965 ὸν
747 1906 894 1984 ἐμπεσόντα
916 1906 961 1965 καὶ
978 1905 1123 1978 δάκνοντα,
1166 1902 1290 1963 τοιούτων
1303 1906 1378 1977 ἐθῶν,
1390 1910 1426 1973 ώς
1439 1905 1470 1964 ἀν
1492 1906 1529 1983 μῆ
1541 1917 1595 1976 τοῖς
1613 1911 1701 1976 αὐτοῖς
1713 1908 1870 1989 ἐμμένοντες
1886 1914 1938 1972 δύο-

337 1997 451 2069 αὐθάδη,
465 1995 578 2077 ὀργίλον.
593 1994 650 2053 ἐπεὶ
664 1997 687 2054 οἱ
700 1995 798 2075 ὀργίλοι
814 1994 938 2055 δάκνουσι
951 1998 1006 2061 τοῖς
1023 1994 1122 2053 θδοῦσι.
1166 2013 1224 2059 νους
1239 1990 1321 2072 ἔχωσι
1336 1992 1395 2061 τοὺς
1410 1995 1558 2073 ὑπηκόους.)

337 2086 419 2164 (οὐδὲν
432 2084 450 2156 ῆ
465 2086 567 2145 δάκνειν
583 2083 733 2164 βλέποντα.)
1191 2086 1256 2141 ¹³20.
1286 2080 1440 2162 (σεσηρότας
1462 2103 1470 2143 :
1498 2083 1569 2143 Ἀπὸ
1590 2086 1643 2143 τῶν
1661 2088 1786 2158 κυνῶνῆ
1810 2092 1938 2170 μεταρορύ

376 2196 423 2234 ouo.
446 2174 570 2252 ἐμόαλὼν
584 2177 714 2255 σπινθῆρα
731 2192 739 2233 :
756 2172 834 2233 Ἐπεί
850 2170 975 2254 ψήρισμα
995 2170 1122 2251 περὶτῶν
1166 2166 1229 2225 ὅταν
1242 2167 1295 2247 γάρ
1308 2170 1477 2249 ὀργίζωνται,
1492 2173 1634 2252 σεοήρασιν
1647 2174 1796 2251 ἀλλήλοις.)

297 2286 323 2325 ευ
337 2262 483 2342 Μεγαρέων
505 2266 519 2319 ὁ
538 2263 670 2339 Περικλῆς
690 2260 801 2342 ἔγραψε,
817 2260 884 2338 μήτε
900 2266 948 2339 γῆς
967 2259 1034 2337 μήτε
1047 2256 1122 2334 λιμέ·
1206 2277 1255 2316 εει.
1275 2256 1346 2335 (τοὺς
1365 2257 1484 2340 ρόρουςε
1509 2260 1634 2320 Ἐδόκουν
1652 2260 1705 2343 γάρ
1725 2264 1755 2321 οί
1774 2262 1898 2335 Ἀθηναῖοι
1917 2270 1966 2327 ε’νιι

336 2374 386 2409 νων
408 2348 499 2419 αὐτούς
519 2348 661 2409 ἐπιόαίνειν
687 2350 820 2421 Ἀττικῶν,
840 2351 862 2406 εί
889 2348 916 2407 δὲ
939 2346 991 2431 μή,
1012 2347 1057 2405 τδν
1074 2349 1121 2417 λη·
1167 2350 1251 2427 καιρῷ
1265 2351 1312 2404 τοῦ
1325 2345 1443 2425 πολέμου
1458 2349 1566 2420 ἀπηνεῖς
1580 2338 1723 2430 εἶναιπρὸς
1736 2348 1939 2433 τοῦςρόροοςῶς
2013 2359 2014 2362 ’

337 2438 433 2520 ρθέντα
464 2437 597 2517 ἀγώγιμον
623 2427 697 2495 εἶναι.
722 2437 772 2516 (ἐρ’
801 2428 823 2519 ᾧ
850 2440 984 2509 κινηθεῖσα
1006 2446 1081 2494 πᾶσα
1107 2439 1124 2505 ἡ
1168 2432 1269 2492 ἐτέλουν
1283 2434 1458 2515 οίίιπήκοοι.)
2004 2447 2009 2464 “

338 2525 437 2595 Ἓλλδις
465 2526 509 2585 τὸν
539 2524 653 2602 πολεμον
669 2553 672 2561 ·
686 2524 803 2595 ἐποίησε.
832 2524 898 2591 τινὲς
919 2524 953 2583 δέ
977 2548 1057 2605 ρασιν
1084 2522 1124 2581 ότι
1207 2540 1256 2582 σεο.
1279 2524 1580 2604 (αίσχροκερδεῑςεὍτι
1588 2526 1788 2609 αἰσχροκερδεῖς
1796 2526 1939 2609 καληιικρο
2014 2559 2015 2562 “

338 2613 442 2683 ἐπλεξεν
458 2616 561 2690 αὐτοῖς,
576 2613 621 2673 καλ
645 2612 824 2693 κατηγόρησεν
839 2616 924 2671 αὐτῶν
938 2616 972 2681 ιῑις
988 2610 1124 2697 ἀρπασάν-
1166 2606 1241 2686 λόγοι
1253 2612 1277 2668 οί
1289 2610 1428 2683 Λάκωνες,
1441 2609 1574 2693 πρόδηλον
1586 2612 1631 2671 καὶ
1644 2615 1675 2671 ἐκ
1689 2620 1738 2672 τοῦ
1760 2620 1938 2695 χρησμοῦ,ιά

298 2724 324 2763 ει
338 2726 389 2763 των
404 2703 528 2781 γυναῖκας
542 2700 682 2774 Ἀθηναίων
697 2702 724 2761 ἐν
736 2704 822 2781 ἑορτῆ,
836 2700 1124 2779 συμύουλεόσαςπολε-
1168 2698 1364 2777 φιλοχρηματία
1382 2699 1512 2780 Σπάρταν
1537 2701 1594 2759 ὀλεῖ
1599 2747 1607 2773 ,
1627 2700 1692 2759 ἀλλο
1707 2700 1735 2759 δὲ
1758 2702 1843 2763 οὐδέν.
1858 2731 1870 2755 ι
1882 2696 1937 2776 ἶρις,
1948 2739 1965 2773 ‚33

338 2794 465 2869 μεῖσθαι)
1168 2784 1196 2842 δέ
1215 2784 1260 2844 καλ
1280 2786 1341 2866 περὶ
1369 2785 1428 2855 τοὺς
1449 2786 1533 2855 ξένους
1553 2787 1742 2869 ἀπάνθρωποι,
1759 2791 1806 2850 καῖ
1827 2794 1873 2852 οὐκ
1889 2795 1938 2864 ἐξῆν

377 2900 425 2939 οιο.
446 2876 586 2959 ἐξερύσησε
604 2876 654 2957 γάρ
676 2897 683 2936 :
707 2874 885 2949 Ἐξεκίνησεν,
910 2874 1043 2959 ἐτάραξεν.
1067 2872 1126 2945 ίξῆς
1169 2870 1231 2951 ξένω
1240 2872 1289 2931 τινὶ
1304 2873 1346 2931 ἀεὶ
1359 2878 1407 2945 τῆς
1422 2874 1548 2955 Σπάρτης
1562 2874 1716 2949 ἐπιόαίνειν,
1724 2879 1789 2937 ἀλλ’
1799 2879 1938 2961 ὁρωμένοις

339 2966 366 3026 δέ
390 2966 505 3025 ἀπὸτοῦ
527 2968 665 3045 σπινθῆρος
684 2962 715 3023 τό
737 2968 853 3045 ρυσῆσαι
874 2963 963 3024 ἔλαόε.
983 2966 1077 3044 καπνῷ
1097 2960 1124 3021 δὲ
1167 2959 1288 3041 ἡμέραις.

338 3058 466 3135 τροπικῶς
481 3052 571 3122 εἰπών,
586 3050 706 3128 ἐπέμεινε
724 3050 810 3111 διόλου
824 3055 856 3131 τῆ
870 3054 964 3131 τροπῇ.
1208 3048 1393 3128 διειρωνόξενοι
1405 3070 1413 3109 :
1427 3048 1629 3118 Ἐξαπατῶντες
1641 3050 1700 3119 τοὺς
1712 3052 1819 3128 ξένους,
1832 3055 1874 3113 καὶ
1885 3059 1939 3136 (ει-

298 3168 325 3210 ao
377 3163 427 3202 ιιιε.
452 3140 535 3219 (ώςδ
557 3138 628 3209 άπαξ
648 3138 678 3199 τὸ
701 3142 804 3220 πρῶτον
824 3160 831 3199 2
850 3138 961 3206 Οίιιείως
981 3136 1047 3218 πρδς
1066 3136 1126 3203 τοὺς
1169 3134 1272 3213 δόμενοι
1291 3138 1326 3195 δι’
1339 3138 1471 3218 εἰρωνείας
1490 3138 1536 3197 καλ
1553 3140 1722 3253 ὑποκρίσεως.
1738 3141 1789 3201 καὶ
1806 3142 1876 3201 οὐδὲν
1888 3150 1937 3202 θαο
1948 3172 1967 3210 2.
2007 3153 2012 3216 ξ

336 3226 467 3311 γεωργούς
480 3226 564 3307 λέγων
571 3227 705 3297 τοιαύταις
717 3234 826 3309 τροπαῖς
836 3228 974 3309 ἐχρήσατο·
985 3224 1125 3303 συμόαίνει
1169 3223 1268 3301 μαστὸν
1283 3228 1394 3284 ἐνταῦθα
1409 3225 1521 3299 ἐποίουν,
1534 3225 1597 3307 παρ’
1608 3250 1647 3295 οις
1657 3228 1703 3287 καὶ
1713 3231 1729 3287 δ
1739 3233 1791 3300 τῆς
1803 3228 1938 3303 ξενηλασίας
2007 3271 2011 3280 -

314 3330 317 3337 “
337 3318 387 3401 γάρ
405 3320 430 3375 ἐν
451 3320 484 3397 τῆ
501 3315 617 3375 συνθέσει
637 3319 689 3373 τῶν
711 3314 794 3373 πίθων
809 3316 855 3373 ένα
875 3316 1065 3397 διαρραγῆναι,
1079 3311 1125 3370 καὶ
1168 3316 1254 3370 κεῖται
1266 3312 1363 3392 νόμος.)
1477 3348 1481 3355 -
2008 3361 2012 3370 .

336 3404 427 3465 τούτου
440 3404 473 3462 τά
490 3402 607 3483 όστρακα
618 3404 796 3475 πλησιάζοντα
814 3402 951 3485 διαρρῆξαι
967 3400 1064 3483 έτερον,
1078 3400 1124 3458 καὶ
1207 3420 1257 3461 σοι.
1280 3401 1335 3477 (τάς
1349 3400 1449 3481 κράδας
1459 3398 1599 3472 κατήσθιον
1613 3424 1621 3463 t
1636 3402 1690 3463 Καὶ
1704 3403 1784 3462 αιἰτολ
1798 3403 1939 3465 ἀντέκοπτον
2009 3413 2013 3422 “

337 3500 427 3553 τοῦτον
445 3492 525 3553 πάλιν
546 3490 590 3551 τὸν
614 3490 705 3570 ἐγγὺς,
729 3488 798 3550 ὥστε
821 3489 921 3561 πολλὴν
942 3489 1061 3567 γενέσθαι
1077 3487 1125 3560 τῆν
1168 3486 1215 3555 τδς
1224 3498 1315 3561 συκδς,
1325 3488 1414 3571 ῶσπερ
1422 3491 1513 3549 ἐκεῖνοι
1523 3489 1806 3569 τδςάμπέλουςήμῶν.
1845 3492 1938 3561 Ἄλλως,
2010 3501 2014 3514 “

298 3608 324 3645 ,τι
340 3581 452 3661 βλάόην.
466 3580 496 3639 τὸ
511 3582 538 3638 δέ
552 3576 693 3657 λεγόμενον
707 3576 824 3637 τοιοῦτόν
840 3580 922 3648 ἐστιν,
937 3580 973 3645 ώς
986 3577 1057 3645 ἅπαξ
1072 3580 1125 3637 ἐκι-
1168 3576 1252 3657 κράδη
1265 3567 1331 3645 εἶδος
1350 3583 1439 3649 συκῆς.
1454 3577 1511 3637 ἐστι
1525 3578 1610 3639 δέκα)
1625 3578 1744 3659 μηχανή.
1764 3580 1901 3651 κατήσθιον
1918 3584 1967 3647 δὲιι
2009 3563 2013 3574 ¹

338 3670 402 3743 νήθη
420 3668 465 3733 καί
479 3691 573 3726 συνετα
592 3666 661 3747 ἀχθη
677 3666 710 3725 τά
724 3666 869 3747 πράγματά
884 3672 929 3725 τοῦ
947 3664 1064 3743 πολέμου
1078 3689 1122 3749 γε·
1168 3665 1227 3723 ἀντὶ
1239 3670 1285 3725 τοῦ
1297 3664 1479 3743 κατέκοπτον.)

338 3758 460 3835 νομένου,
478 3754 562 3815 οὐκέτι
577 3691 612 3827 ῆν
627 3753 685 3813 οὐδέ
701 3746 737 3823 εἷς
754 3753 781 3823 δς
799 3752 911 3825 ἠδύνατο
927 3752 994 3813 αιἰτδ
1008 3759 1125 3828 παῦσαι,
1208 3774 1256 3815 σεο.
1277 3753 1325 3827 τήν
1338 3752 1474 3835 κορώνεών
1495 3775 1502 3813 :
1524 3752 1667 3835 Κορώνεως
1683 3757 1719 3821 όις
1739 3754 1881 3836 ριῦάλεως.
1893 3756 1940 3817 ἔστι

339 3844 384 3905 καί
398 3842 478 3911 οίίτως
491 3846 508 3915 ἡ
523 3840 612 3922 εἰρήνη
627 3839 826 3923 παραπώλετο.)
1169 3840 1197 3899 δέ
1210 3832 1276 3909 εἶδος
1288 3846 1379 3914 συκῆς.
1393 3842 1440 3900 καὶ
1457 3844 1485 3899 ἐίι
1497 3841 1654 3922 Ἀχαρνεῦσι
1668 3842 1741 3921 (σοι).
1755 3843 1857 3915 ταύτην
1867 3844 1893 3903 δέ
1903 3846 1940 3903 καὶ
2010 3911 2016 3922 ¹

379 3952 427 3992 οιε.
451 3930 505 4009 (καί
524 3930 597 4013 πίθος
619 3928 728 4007 πληγεὶς
751 3950 758 3991 :
780 3934 867 3993 Τοῦτο
886 3926 961 4007 λόγον
983 3932 1032 3988 αιἰκ
1055 3928 1125 4009 ἔχει,
1169 3929 1304 4011 κοράκεων
1316 3928 1445 4009 λέγουσιν·
1464 3934 1478 3987 ὁ
1498 3928 1550 4009 γάρ
1567 3929 1667 4010 καρπὸς
1678 3932 1762 4005 αὐτῆς
1775 3929 1869 4013 κόρακι
1883 3931 1940 3995 έουιε

299 4048 325 4081 ιιι
339 4020 398 4083 ἀλλ’
419 4018 446 4088 ἐξ
467 4020 545 4077 αὐτοῦ
568 4018 643 4090 δηλοῖ
660 4016 720 4085 τοὺς
737 4016 825 4087 πίθους
847 4016 898 4079 διεδ
919 4020 971 4077 τῶν
992 4018 1125 4097 πολεμίοιν
1168 4018 1238 4076 κατά
1251 4017 1282 4077 τὸ
1295 4021 1403 4098 χρῶμα.
1951 4056 1969 4095 ς,
2010 4053 2014 4064 ·

339 4108 536 4187 κατάγνυσθαι.)
1208 4124 1257 4165 εει.
1280 4102 1471 4185 (ἐξεθρεψάμην
1485 4124 1493 4164 :
1506 4104 1553 4171 Ὡς
1564 4104 1608 4163 ἐπί
1622 4104 1729 4166 παιδίου
1741 4097 1844 4177 εῖπενῆ
1856 4108 1941 4187 ἀνθρώ-
2010 4151 2017 4168 .

378 4217 427 4258 σεε.
449 4192 593 4276 (προσήκοι
615 4213 623 4255 :
645 4194 780 4273 Συγγενής
802 4192 852 4267 είη.
873 4193 903 4253 τὸ
924 4192 975 4276 γδρ
996 4195 1127 4277 προσήκοι
1169 4192 1460 4274 ποοτὸέίεθρεψάμην,
1472 4194 1513 4273 ἐρ’
1523 4184 1575 4274 ᾧτε
1588 4193 1681 4265 ἱκανὴν
1691 4194 1810 4253 διάθεσιν
1818 4196 1939 4275 καὶστορ
2010 4217 2017 4284 γ

338 4282 441 4363 λέγεται
460 4284 504 4342 ἐπλ
519 4286 571 4341 τῶν
588 4287 727 4362 συγγενῶν.
743 4282 786 4343 διὰ
803 4288 878 4341 τοῦτο
893 4283 1046 4362 ἐπήνεγκεν,
1060 4276 1126 4343 ούσα
1168 4281 1217 4359 γῆν
1231 4285 1385 4359 ἐμποιῆσαι.
1401 4279 1473 4351 ῆίνα
1483 4282 1609 4362 ραίνηται
1623 4284 1781 4358 ἀγανακτῶν
1796 4284 1825 4341 ἀν
1834 4282 1929 4358 λόγοις.)
2011 4307 2017 4364 ρ

339 4370 464 4453 συγγενής
483 4371 591 4432 ἐκείνου.
607 4374 718 4449 συγγενῆ
740 4370 767 4431 δέ
789 4371 866 4431 αὐτόν
887 4394 975 4453 φησιν,
990 4372 1048 4431 ἐπεὶ
1068 4372 1125 4451 άμα
1207 4390 1257 4430 εει.
1280 4368 1441 4447 (ἑξμέδιμνον
1453 4369 1569 4449 κυψέλην
1583 4389 1590 4429 :
1602 4368 1655 4438 Ἓξ
1665 4370 1807 4446 μεδίμνοις
1816 4378 1940 4450 χωροῦσαν
2014 4391 2017 4476 γ

298 4490 324 4528 ις
339 4463 376 4541 τῷ
391 4468 478 4543 ρυγεῖν
492 4457 569 4519 αθτθν
584 4462 601 4530 ή
616 4458 704 4541 εἰρήνη
721 4457 905 4539 ἀνεχώρησεν.)
1168 4458 1293 4539 κυψελην.
1307 4457 1363 4516 ἔστι
1377 4458 1406 4517 δέ
1419 4448 1486 4523 ε’ίοος
1500 4457 1636 4536 αγγειουῆ
1652 4456 1750 4537 μίτραι
1765 4460 1881 4541 δεκτικρν
1898 4482 1941 4517 πυ-
1951 4491 1970 4526 s.
2016 4491 2017 4500 ι

378 4536 427 4611 σέο.
452 4538 529 4627 (οὖσα
548 4544 675 4625 συγγενής
691 4568 698 4604 τ
720 4546 796 4607 Ἐπεί
810 4551 944 4627 προεῖπεν,
959 4574 970 4601 ι
988 4546 1042 4607 οὐδ’
1056 4548 1126 4617 ὅπως
1170 4552 1220 4627 ρῶν
1230 4546 1248 4617 ῆ
1260 4550 1365 4629 κριθῶν.
1381 4544 1462 4613 σάπυς
1475 4546 1502 4605 δέ
1524 4545 1627 4627 εἴρηται
1647 4546 1690 4605 δεδι
1705 4545 1737 4605 τὸ
1749 4548 1940 4628 κεκρύρθαιαύ-

339 4640 406 4715 αὐτῇ
426 4633 555 4717 προσήκοι
574 4632 685 4701 Φειδίας
699 4634 834 4707 ήκηκόειν,
855 4662 867 4686 ι
879 4634 985 4715 πρδςτὸ
997 4634 1125 4714 προσήκοι
1168 4640 1214 4693 τοῦ
1228 4634 1358 4705 ιήνέλην·
1371 4632 1428 4692 ἐστι
1441 4631 1493 4714 γάρ
1505 4633 1644 4693 σκοτεινόν.
1658 4632 1817 4716 διαρίρειδέ
1829 4634 1892 4714 πρὸς
1900 4634 1940 4702 τήν

337 4725 369 4783 1ιδ
381 4723 500 4805 συγγενίς
513 4722 639 4804 ἐπήγαγε·
652 4722 826 4804 προσήκοντες
837 4722 887 4803 γάρ
899 4721 1019 4801 λέγονται
1030 4728 1055 4782 οί
1067 4746 1126 4803 συγ·
1168 4720 1311 4802 κυψελίδα,
1323 4721 1381 4791 ήτις
1395 4719 1464 4781 ἐστὶν
1478 4725 1493 4779 ὁ
1507 4722 1534 4780 ἐν
1551 4723 1603 4789 τοῖς
1612 4722 1664 4780 ώσλ
1680 4721 1771 4802 ῥύπος.
1783 4726 1815 4781 οὐ
1830 4722 1904 4799 μόνον
1917 4720 1940 4779 δέ

339 4817 428 4890 γενεῖς.
446 4811 476 4871 τὸ
492 4808 518 4871 δέ
530 4810 663 4885 ῆκηιιόιιν,
675 4810 743 4870 οὕτω
761 4812 803 4871 διδι
817 4817 862 4871 τοῦ
878 4837 895 4884 η
911 4810 1046 4893 Φρύνιχος
1060 4814 1124 4871 ἀνα,-
1168 4809 1281 4868 πλεκταλ
1294 4800 1363 4881 ἦσαν
1375 4812 1403 4867 αί
1413 4808 1541 4889 κυψέλαι,
1552 4808 1622 4868 ἀλλὰ
1632 4810 1679 4868 καὶ
1688 4810 1876 4891 κεραμέαιδιθ
1886 4810 1941 4887 λίθῳ

301 4898 470 4978 ςὀγινώσκει,
492 4903 604 4979 συγγενῆ
626 4896 653 4959 δέ
674 4889 731 4959 εἶπε
752 4900 795 4959 τὸν
814 4898 927 4959 Φειδίαν
946 4904 993 4973 τῆς
1006 4900 1124 4980 εἰρήνης,
1169 4897 1247 4978 ρησὶν
1259 4894 1341 4967 αὐτήν
1356 4897 1523 4972 κλασθῆναι.)
1951 4938 1969 4969 ς,

340 4988 405 5047 καθὸ
417 4987 536 5099 τεχνίτης
548 4990 563 5045 ό
576 4984 701 5061 Φειδίας,
715 4986 843 5069 εὗμορρος
858 4986 886 5045 δέ
899 4985 1034 5065 εἰσάγεται
1050 4992 1067 5057 ἡ
1080 4990 1125 5047 Εἰ-
1207 5006 1257 5046 οιε.
1278 4985 1406 5066 ούργάτηι
1417 4984 1482 5051 διὸ(
1496 5006 1504 5043 τ
1517 4982 1569 5045 Διά
1582 4982 1634 5066 γάρ
1647 4983 1695 5053 τδς
1706 4985 1824 5065 συνεχεῖς
1838 4990 1888 5045 τῶν
1900 5008 1940 5043 πτ-

342 5076 407 5155 ρήνη
429 5096 504 5135 ουσα.
526 5077 561 5142 ώς
574 5073 638 5156 πρὸς
654 5074 698 5135 τὸν
720 5074 832 5139 Φειδίαν
853 5066 897 5134 οὖν
918 5080 934 5147 ἡ
957 5072 1028 5133 καλά
1046 5074 1125 5143 ξόανα
1167 5072 1255 5149 λέμων
1266 5070 1387 5141 εἷσόολδις
1398 5072 1650 5150 ἐσκευαγωγήσαντο
1661 5075 1698 5139 τίς
1708 5072 1757 5143 τήν
1771 5072 1848 5130 πολιν
1859 5075 1882 5131 οἱ
1894 5070 1940 5127 ἀπὸ

339 5164 472 5238 ποιοῦσα.)
696 5172 699 5179 “
1147 5172 1150 5214 Ι
1168 5165 1218 5219 τῶν
1236 5164 1333 5241 ἀγρῶν.
1583 5234 1586 5239 ¹

380 5272 427 5310 οιυ.
452 5238 519 5330 (κᾷτ’
538 5249 627 5322 ἐπειδὴ
644 5249 759 5329 ’γνοισαν
779 5273 786 5311 :
804 5250 877 5327 Ὅρα
893 5256 939 5309 τοῦ
952 5256 1061 5323 ποιητοῦ
1075 5250 1123 5322 τὴν
1147 5233 1150 5247 4
1208 5269 1258 5309 ιιιο.
1282 5248 1448 5322 πωλούμενος
1468 5250 1515 5307 οὐκ
1533 5246 1671 5307 ἐλάνθανεν
1691 5268 1698 5307 :
1716 5245 1783 5306 Ἰἰδιν
1800 5236 1879 5324 μὲνή
1897 5246 1948 5337 οὐκ,
