4100 6109
334 458 387 509 lan
909 435 1103 497 scflomA
1132 436 1176 494 ΙΝ
1206 434 1363 496 PAOEM.
1431 426 1434 431 ’

331 577 448 661 οοτέροις
458 574 544 641 αὐτοῖς
552 570 727 652 λογιζομένοις
735 570 818 631 ἐδόκει
828 566 938 640 ποιητέα
951 557 1018 627 ι’ίναι
1027 570 1046 638 ἡ
1056 564 1115 642 ξύμ
1136 590 1140 607 ·
1160 566 1291 639 Ἀθηναῖοι
1306 565 1354 639 τήν
1374 567 1489 629 Νισαίαν
1507 567 1683 647 τειχίσαντες,
1700 606 1743 617 --
1755 574 1824 653 ὅπερ
1840 574 1940 654 πρδςεῆ

331 669 422 739 ὅστις,
438 664 483 725 καλ
502 664 552 742 σῦχ
569 652 647 733 ῆττσν
669 662 721 725 τοῖς
740 656 970 735 Λακεδαιμονίοις,
990 654 1116 735 ἐπιθυμία
1137 717 1140 726 ‚
1160 653 1278 733 θαλάττη
1291 658 1344 713 τῶν
1365 655 1512 736 Μεγαρέων
1530 657 1641 717 ἐπίνειον
1659 651 1703 733 ήν,
1722 660 1827 741 ἐπέχον
1838 663 1868 721 αἰ
1879 648 1939 723 πολύ
2012 705 2013 708 =

331 756 384 811 τῶν
396 752 496 833 ἀνδρῶν
510 752 562 809 τῶν
573 750 604 809 ἐκ
614 751 661 817 τῆς
670 746 750 817 νήσου
764 743 933 822 κομίσασθαι.
948 734 1016 813 ήσαν
1029 738 1081 821 γάρ
1093 743 1117 798 οἱ
1138 789 1140 798 .
1160 741 1294 820 διάστημα
1309 743 1363 803 ἀπὸ
1380 749 1428 816 τῆς
1440 749 1493 805 τῶν
1512 746 1659 829 Μεγαρέων
1673 748 1788 815 πόλεως,
1804 750 1942 828 ἐπάγῃς
2012 759 2013 796 1

332 846 500 920 Σπαρτιᾶται
512 840 598 897 αὐτῶν
610 834 711 917 πρῶτοί
722 856 751 893 τε
766 832 812 893 καὶ
829 831 925 911 ὁμοίοις
936 828 1009 911 σφίσι
1023 852 1118 907 συγγε-
1160 820 1205 889 σύν
1217 830 1310 899 αὐτούς
1322 830 1472 911 λιμώττων.
1484 834 1624 917 σαρκάζειν
1641 838 1670 896 δέ
1680 840 1737 897 ἐστι
1753 837 1852 919 κυρίως
1862 839 1891 899 εδ
1902 842 1942 901 τδν
2012 855 2013 858 ’

305 952 318 991 ο
331 934 391 997 νεῖς.
404 926 516 1009 ἤρξαντο
530 923 579 1003 μέν
592 914 636 983 σύν
655 921 701 981 καὶ
715 920 788 988 εύθθς
803 920 870 1000 μετὰ
887 918 936 992 τλν
956 919 1055 979 ἅλωσιν
1070 921 1119 975 αύ-
1161 916 1227 977 κύνα
1240 923 1370 979 πεινῶντα
1383 919 1418 979 τδι
1431 921 1517 981 λεπτά
1530 926 1583 982 τῶν
1597 929 1704 1005 σαρκῶν
1717 932 1767 987 τοῦ
1779 926 1872 986 ὀστέω
1885 931 1963 995 ἆτος

332 1020 383 1077 τῶν
393 1016 532 1097 πράσσειν.
545 1010 604 1071 ἀλλ’
614 1014 639 1071 οἱ
651 1010 782 1081 Ἀθηναῖοι
794 1008 841 1087 μέν
853 1008 927 1067 οὔπω
936 1006 1052 1073 θελσντες
1061 1003 1118 1073 ἐξυ-
1160 1006 1277 1086 γλύρειν.
1286 1011 1328 1087 V.)

332 1102 512 1189 ραιρσυμένοις
526 1100 570 1161 ἐπί
588 1104 621 1181 τῇ
639 1098 685 1179 ίσῃ
704 1097 895 1171 καταλύεσθαι,
914 1096 1033 1174 μάλιστα
1051 1092 1080 1153 δέ
1093 1095 1118 1151 οἱ
1200 1116 1250 1157 εει.
1271 1097 1390 1165 ἅπαντας
1400 1099 1439 1158 δεῖ
1448 1102 1575 1176 δμσνσιῖν.
1587 1114 1620 1160 V.

225 1184 231 1195 ¹
331 1196 383 1252 τῶν
405 1188 549 1269 δεδεμένων
568 1190 701 1267 συγγενεῖς
719 1191 810 1267 ἐνῆγον
831 1184 877 1246 καί
894 1182 1064 1253 ἐσπούδαζον,
1083 1185 1135 1247 ὡς
1201 1204 1252 1245 νοτ.
1273 1173 1351 1244 ῶεία
1365 1207 1373 1247 :
1385 1185 1437 1268 [Ἡ
1448 1186 1580 1265 άμοιύαία
1592 1187 1893 1271 αῦτηιίντιστρηῆτῆς
1904 1197 1945 1273 ῥη-

333 1280 364 1339 δν
380 1280 470 1361 εἰρήνη
490 1277 608 1358 γένηται.
630 1304 641 1329 ν
701 1272 820 1351 Ἀλλως.)
835 1278 919 1332 ταῦτα
933 1273 963 1331 ού
983 1268 1060 1349 μόνον
1075 1267 1119 1327 διδ
1162 1271 1250 1344 θιίσης
1260 1272 1317 1331 ἐστὶ
1327 1278 1449 1355 στρσρῆς,
1459 1274 1567 1335 καίεἰσί
1577 1274 1612 1335 τθι
1623 1279 1697 1337 κῶλα
1709 1278 1944 1357 καῖταύτηςόμοιο

296 1397 321 1435 ιο
333 1367 363 1425 τὸ
372 1366 534 1446 κεκμηκέναι
546 1368 584 1445 τῷ
599 1362 724 1443 πολέμῳ,
738 1360 807 1423 άλλδι
818 1360 863 1422 καὶ
877 1360 922 1419 διδ
932 1357 991 1425 τοῖις
1004 1360 1032 1416 ἐν
1047 1360 1120 1437 Σρα·
1162 1359 1281 1427 ἐκείνοις·
1298 1360 1325 1421 ἔν
1336 1384 1390 1421 τισι
1404 1361 1431 1421 δὲ
1448 1362 1494 1421 καί
1509 1362 1612 1445 ἐτέρους
1624 1365 1732 1445 δέχεται
1746 1366 1836 1433 πόδας
1847 1374 1891 1427 τοῦ
1904 1372 1975 1431 ant-m

332 1456 428 1539 κτηρίσρ
441 1452 604 1535 τριακοσίους
616 1448 675 1519 τσῖις
687 1449 838 1529 δεδεμένους
848 1454 886 1530 τῷ
898 1448 967 1529 ξύλῳ
980 1450 1027 1519 τῆς
1038 1448 1119 1506 ποδο-
1162 1454 1208 1507 τοῦ
1226 1447 1323 1528 μέτρου
1340 1448 1424 1517 ὄντος.
1439 1450 1485 1509 ἐπί
1503 1455 1543 1531 τῷ
1560 1450 1631 1511 τέλει
1649 1455 1677 1511 αἱ
1696 1452 1886 1534 ἀμφοτέρωθεν
1904 1458 1946 1526 ἔξω

333 1544 416 1618 κάκης
426 1550 473 1603 τοῦ
482 1550 527 1602 νῦν
540 1539 707 1617 καλουμένου
714 1539 839 1599 κσύσπου.
1163 1535 1279 1616 διπλαῖ]
1289 1535 1336 1597 δύο
1347 1539 1452 1597 διπλαῖ·
1463 1538 1556 1599 ἕπεται
1567 1538 1619 1621 γθρ
1630 1544 1648 1612 ἡ
1660 1540 1836 1623 έντίσερσφσς
1845 1548 1879 1622 τῇ
1888 1568 1947 1626 προ

374 1653 423 1693 ισσ.
445 1632 504 1690 ἀλλ’
519 1634 533 1688 δ
546 1627 660 1709 χαλκεὺς
675 1630 723 1689 οὐκ
738 1630 770 1707 ἰᾷ
786 1646 793 1687 :
808 1625 874 1687 Ὀτι
886 1625 1001 1687 ἐδέδεντο
1013 1624 1059 1687 καὶ
1071 1646 1121 1683 πε-
1162 1632 1227 1705 τερᾷ
1236 1630 1369 1708 παραστῇ
1380 1626 1510 1705 θμσιύαία
1525 1629 1549 1688 δ’
1564 1627 1667 1699 κώλων,
1681 1629 1784 1710 ἔχουσα
1798 1630 1847 1689 καῖ
1861 1633 1907 1703 τήν
1916 1638 1947 1703 εἰς

335 1720 460 1803 ριέκειντο
473 1722 561 1785 αὐτοῖς
570 1717 658 1777 πέδαι.
1007 1730 1011 1737 ’
1162 1711 1197 1772 τδ
1207 1713 1338 1793 πρόσωπα
1352 1715 1478 1797 διαίρεσιν
1489 1716 1594 1793 ὁμοίαν,
1605 1709 1636 1775 ού
1648 1724 1664 1789 ἡ
1676 1718 1749 1800 ἀρχὴ
1761 1746 1774 1771 ο
1787 1710 1877 1793 Cuia,
1888 1750 1900 1775 ι
1910 1725 1947 1782 τί.

297 1833 321 1870 ιτ
374 1829 424 1869 ιιι.
445 1809 499 1868 οὐδ’
514 1812 537 1868 οἱ
552 1809 677 1889 Μεγαρῆς
696 1805 769 1871 εὩς
786 1803 833 1863 καί
846 1802 945 1863 τούτων
961 1801 1062 1885 βαρέως
1075 1825 1122 1885 ρε-
1163 1799 1245 1867 λσςδὲ
1257 1828 1268 1853 ι
1280 1802 1339 1861 ἀλλ’
1351 1801 1399 1862 είσ’
1410 1802 1435 1862 σί
1446 1802 1624 1865 κωλύουσιν.»
1635 1811 1666 1857 V·
1958 1840 1976 1876 γ,

337 1897 433 1977 ρόντοιν
445 1895 485 1955 δτι
500 1896 637 1955 ἔκσπονδοι
652 1891 783 1973 ἐγένοντο,
795 1890 965 1972 ,βουλομένων
982 1890 1071 1963 δέτλν
1083 1892 1122 1950 εἰ·
1205 1908 1252 1949 εον.
1274 1892 1303 1949 σύ
1327 1890 1410 1951 δεινδν
1436 1891 1483 1950 καί
1505 1891 1606 1952 άτσπον
1623 1892 1683 1960 τσδς
1697 1892 1748 1970 μὲν
1766 1893 1797 1961 ἐξ
1816 1900 1893 1972 ἡμῶν
1908 1903 1948 1970 τῆς

337 1984 417 2065 μήνην
430 1982 473 2043 διδ
489 1985 519 2042 τὸ
533 1981 650 2060 μάλιστα
664 1978 805 2039 πεπιίσθαι
822 1981 861 2060 τῷ
875 1981 946 2060 λιμῷ
958 1978 1055 2060 καὶτῷ
1072 1999 1121 2037 πο·
1164 1977 1271 2059 εἰρήνης
1293 1976 1430 2061 ὀρέγεσθαι
1449 1978 1494 2039 διδ
1515 1986 1606 2054 τοῦτο,
1624 1979 1683 2048 τούς
1705 1980 1734 2041 δὲ
1758 1983 1946 2065 ἀντιπράττειν,

336 2072 419 2153 λέμῳ,
435 2072 521 2149 (τοῦτο
540 2067 568 2129 δὲ
587 2072 610 2128 οἱ
629 2069 716 2135 καλῶς
733 2064 902 2147 ἐξηγούμενοι
920 2072 966 2125 τσῦ
987 2064 1123 2147 Τρυγαίοιι
1165 2067 1253 2133 καλῶς
1269 2064 1298 2124 δέ
1312 2068 1365 2133 τοῖς
1380 2066 1505 2145 ὀνόμασιν
1524 2068 1672 2151 ἐχρήσατο,
1685 2072 1725 2149 τῷ
1740 2070 1840 2129 τείνειν
1853 2074 1898 2131 καὶ
1915 2078 1948 2132 τῦ

336 2160 434 2241 ρασίν.)
762 2190 763 2195 =
1166 2156 1306 2214 ἀντισπᾶν.
1319 2167 1351 2212 V.
1364 2154 1424 2213 άντῖ
1434 2162 1480 2215 τοῦ
1494 2160 1682 2218 ἐναντιοῦσθαι.
1697 2170 1727 2217 R.
2012 2225 2013 2230 γ

297 2279 324 2319 οη
376 2268 426 2309 ινα.
448 2244 627 2328 γλισχρότατα
639 2268 648 2307 τ
661 2243 726 2305 Ὀτι
737 2243 917 2327 γλίσχροςέπί
929 2242 1058 2324 δυστυχίιρ
1070 2240 1123 2302 ἐλέ-
1205 2261 1255 2303 εστ.
1277 2241 1368 2314 ἐπειδὴ
1383 2244 1428 2301 ἐπ’
1441 2244 1596 2325 άμφστίρων
1607 2248 1659 2304 τῶν
1671 2249 1760 2327 μερῶν
1770 2248 1866 2324 μισθὸν
1877 2250 1947 2325 ἐλάμ·
1957 2272 1977 2311 ν)

336 2360 406 2415 γετσ.
421 2336 594 2417 σαρκάζοντες
608 2334 650 2406 δὲ,
661 2333 720 2406 ἤτοι
732 2331 925 2411 ἐξισχνούμενυι
937 2330 983 2392 καὶ
996 2330 1124 2404 ῆτονναό-
1165 2330 1247 2390 όανσν
1258 2330 1305 2389 καῖ
1315 2330 1479 2391 κατετίλουν.
1493 2350 1524 2399 τι,
1535 2354 1561 2396 ν,

337 2425 433 2493 τεςκαῖ
443 2424 485 2483 δεδι
496 2422 628 2501 τδνλιμδν
637 2420 758 2487 ἕλκοντες
767 2418 851 2497 μσλις,
866 2418 891 2495 (ἢ
904 2416 995 2490 οὕτως,
1005 2416 1123 2485 ἵδυιοντες
1206 2439 1255 2479 ιιισ.
1277 2423 1313 2484 ῶς
1334 2418 1442 2479 κακόνοι
1461 2421 1529 2487 τίνες
1547 2422 1613 2479 εἰσιν
1630 2422 1657 2479 ἐν
1674 2424 1739 2499 ύμῖν
1754 2444 1764 2484 t
1779 2414 1847 2484 Οῖσν
1866 2427 1947 2506 ἰχθροῖ

338 2512 407 2573 κατδ
421 2513 465 2573 τὸν
483 2516 535 2571 τῶν
553 2510 673 2570 κυνιδίων
687 2506 793 2589 τρόπον,
812 2506 837 2566 οῖ
849 2504 884 2566 τὰ
902 2506 981 2565 ὀστέα
994 2508 1125 2589 περιτρύν-
1167 2506 1214 2567 καῖ
1228 2505 1310 2566 κακδν
1323 2512 1383 2566 νοῦν
1396 2505 1501 2586 ἐχοντες
1511 2507 1577 2589 πρδς
1589 2508 1637 2581 τήν
1652 2510 1769 2592 εἰρήνην.

338 2624 426 2682 γσντες
438 2601 484 2661 καὶ
495 2603 542 2659 οὐκ
557 2599 660 2679 ἔχοντες
674 2600 852 2678 ἐμφορηθῆναι
866 2594 910 2653 ὑπ’
925 2597 1011 2655 αὐτῶν
1025 2600 1064 2676 τῷ
1079 2596 1125 2653 δσ-
1207 2615 1256 2657 ιντ.
1277 2598 1416 2663 κιττῶντες
1429 2616 1439 2656 z
1453 2595 1518 2655 Ἀπδ
1533 2607 1683 2679 μεταφορᾶς
1699 2603 1754 2657 τῶν
1768 2604 1890 2659 κυουσῶν
1903 2626 1945 2679 γυ-

300 2724 326 2765 2⁶
339 2693 393 2749 κεῖν
406 2689 529 2749 ἐσθίουσί.
547 2686 656 2768 φανερδν
671 2685 698 2744 δι’
712 2688 780 2745 ἐστιν
796 2682 835 2743 δτι
848 2683 967 2756 ἐπίτηδες
982 2682 1124 2763 χαριζόμε·
1168 2688 1275 2745 ναικῶν.
1288 2683 1371 2762 ἤγουν
1382 2685 1582 2759 ἐπιθυμοῦντες,
1595 2685 1643 2744 καὶ
1656 2685 1748 2758 ἐπειδὴ
1763 2687 1900 2769 α’δηράγον
1908 2692 1947 2748 καὶ
1956 2719 1978 2756 5

339 2802 382 2846 νος
390 2778 470 2836 πάλιν
480 2784 533 2844 τοῖς
543 2773 685 2846 Ἀθηναίοις
697 2770 812 2851 διέσυρεν
822 2770 903 2839 οὕτως
912 2769 974 2839 τούς
984 2774 1124 2852 Μεγαρεῖς,
1167 2772 1313 2853 παμφάγον
1327 2771 1416 2852 ὄρνεον
1431 2776 1450 2843 ἡ
1461 2770 1555 2845 κίττα,
1567 2772 1705 2854 περίεργον
1718 2772 1749 2835 δδ
1758 2777 1810 2835 καί
1820 2779 1857 2844 εἰς
1867 2780 1947 2837 ἐπιθυ·

339 2863 503 2947 πρῶτονμὲν
523 2862 616 2929 αὐτοῖς
633 2860 694 2921 κυσῖ
710 2859 883 2942 παραύαλὼν,
897 2858 989 2919 ἔπειτα
1008 2864 1047 2941 τῷ
1060 2862 1124 2919 ὑπο·
1169 2861 1242 2939 μίαν.
1257 2868 1349 2921 κιττῦν
1361 2850 1406 2919 σύν
1419 2859 1450 2919 τδ
1463 2864 1609 2939 ἐπιθυμεῖν.
1624 2861 1679 2921 άπδ
1694 2866 1747 2922 τῶν
1762 2869 1893 2943 γυναικῶν
1903 2870 1947 2924 τῖεν

340 2954 480 3035 κσριστικῷ
492 2951 537 3011 καὶ
548 2955 581 3031 τῇ
594 2949 750 3031 σμικρότητι
761 2952 814 3008 τῶν
829 2946 950 3007 κυνιδίων
966 2950 1002 3014 εἰς
1017 2948 1126 3007 πλείονα
1169 2952 1197 3009 ἐν
1208 2949 1335 3031 ἐπιθυμίη
1348 2948 1490 3028 γινομένου
1502 2949 1657 3027 ἐδεσμάτων
1669 2955 1749 3011 τινῶν
1762 2952 1837 3032 μετὰ
1851 2954 1881 3013 τὸ
1890 2956 1947 3015 συλ-

341 3040 500 3120 καταγαγδιν
522 3038 707 3109 ταπεινότητα.
731 3035 800 3097 πάνυ
823 3036 875 3119 γάρ
897 3035 943 3096 καί
966 3037 1126 3117 διαπρυσίως
1169 3038 1269 3098 λαύεῖν.

301 3162 328 3200 30
341 3132 478 3207 ἐμισοῦντο
490 3126 540 3186 ὑπὸ
554 3130 605 3186 τῶν
620 3124 762 3198 Ἀθηναίων
775 3124 807 3184 δι’
822 3122 850 3182 δν
861 3123 1004 3205 εἰρήκαμεν
1016 3126 1125 3205 τρόπον.
1210 3147 1260 3186 σου.
1287 3124 1394 3207 [ἄνδρες
1418 3128 1545 3206 Μεγαρῆς
1570 3146 1577 3186 :
1598 3122 1711 3208 Ἕτερον
1734 3126 1863 3208 σύστημα
1887 3130 1976 3201 κατίῃ

341 3219 427 3284 καλῶς
439 3216 460 3275 δ’
473 3216 504 3275 ἂν
518 3214 575 3295 ἔχοι
586 3220 662 3274 τοῦτο
675 3218 790 3295 τηρῆσαι
801 3210 866 3294 πρὸς
876 3213 907 3271 τὸ
919 3212 1126 3273 Ἱππιυνάκτειον
1169 3214 1315 3295 περικοπὴν
1336 3212 1523 3294 άνομοισμερές
1541 3213 1671 3291 ίαμύείων
1689 3216 1726 3288 η’.
1741 3216 1791 3274 καί
1808 3219 1836 3275 ἐν
1849 3217 1947 3276 εἰσθέσει

340 3305 421 3373 σίοειιις
435 3304 495 3385 ἔχον
515 3330 527 3356 ο
546 3306 650 3385 σαρκῶν
670 3301 740 3361 κύων
757 3303 837 3383 λιμῷ.
861 3328 873 3353 ν
887 3304 918 3359 σύ
932 3302 984 3381 γάρ
1000 3305 1058 3362 ἐστι
1072 3307 1126 3361 τῶν
1170 3303 1257 3384 ἕτερον
1269 3303 1412 3380 άμοιύαῖσν
1426 3302 1526 3382 στίχων
1540 3304 1637 3381 δμοίοιν
1649 3306 1857 3376 καταληκτικῶν
1869 3330 1947 3389 τετρα

341 3398 456 3475 σαρκῶν,
469 3392 559 3475 ῶσπερ
572 3392 672 3461 ιἰξισῦσι
686 3394 738 3451 τῶν
752 3389 956 3471 ἐξηγησαμένων
968 3389 1043 3457 τινές.
1057 3414 1126 3449 παν-
1169 3390 1273 3472 μέτρων
1285 3392 1308 3449 δ
1311 3437 1318 3452 .
1331 3394 1376 3451 ἐπὶ
1385 3398 1445 3458 ταῖς
1455 3390 1595 3449 άπαθέσεσι
1608 3390 1812 3473 παράγραρος]

341 3481 441 3541 τάπασι
453 3480 505 3561 γὰρ
520 3478 551 3539 δν
565 3478 606 3551 εἰη
623 3476 687 3537 αὐτὸ
705 3478 858 3537 ὑπεναντίαν
873 3480 968 3558 ἑαυτῷ.
985 3477 1059 3559 ἔργον
1074 3480 1127 3561 γάρ
1210 3482 1259 3539 σῦκ
1272 3482 1298 3548 ἐς
1312 3480 1428 3561 κόρακας
1444 3500 1452 3540 τ
1469 3479 1539 3539 Ἀντί
1552 3484 1600 3539 τοῦ
1614 3478 1684 3556 μετὰ
1702 3485 1805 3561 φθορᾶς
1825 3481 1944 3561 βαδίσετε.

302 3600 328 3644 ης
341 3576 387 3631 τοῦ
404 3572 483 3648 λιμοῦ
497 3572 527 3627 σύ
543 3569 645 3649 σάρκας
663 3567 789 3645 ἐμποιεῖν,
809 3565 878 3625 ἀλλὰ
895 3566 1045 3625 τούναντίον
1064 3568 1128 3625 άπι-
1169 3568 1300 3636 πολλάκις
1315 3566 1345 3627 δέ
1361 3566 1504 3645 εἰρήκαμεν
1518 3566 1560 3627 δτι
1577 3568 1623 3626 ἐπί
1638 3568 1758 3649 κατάρας
1774 3568 1876 3628 τίθεται
1886 3569 1975 3638 τδέςα
2012 3587 2013 3594 ’

342 3656 483 3739 σχνοῦντδι
496 3656 609 3735 σύιματα
625 3655 671 3715 καί
687 3658 739 3713 τῶν
757 3658 863 3735 σαρκῶν
881 3655 1068 3734 παραιρεῖσθαι
1080 3655 1126 3715 τδν
1170 3656 1295 3737 κόρακας.

342 3746 439 3827 ὄγκον.)
1210 3765 1258 3805 σσε.
1278 3743 1495 3823 τοῖςσκορόδσιςε
1509 3743 1645 3822 (Ἀντλτσῦ
1656 3743 1947 3826 δριμύτητι,δτιπολλδ

382 3832 554 3916 σαρκάζοντες
573 3850 580 3893 :
596 3824 661 3893 Οἶον
676 3829 867 3912 θποσεσηρότες
880 3828 926 3889 καῖ
940 3831 1127 3909 διανοῖγοντες,
1170 3833 1283 3913 σκόροδα
1300 3830 1376 3911 παρδ
1394 3834 1570 3910 Μεγαρεῦσι.)
1586 3830 1674 3905 αἰτίαν
1693 3822 1765 3911 εἶχεν
1785 3837 1811 3893 σί
1825 3836 1947 3913 Μεγαρεῖς

342 3919 432 4002 θἰσπιρ
443 3920 477 3979 τδι
493 3919 609 3991 κυνίδια,
626 3917 688 3977 όταν
701 3920 871 3999 προσλιπαρῆ
889 3917 948 3976 τινὰ
963 3918 1009 3977 καὶ
1024 3919 1126 4000 δρίλκῃ
1170 3924 1205 3988 ὡς
1219 3919 1333 4002 ἀρχηγοὶ
1355 3918 1477 3998 γενέσθαι
1490 3926 1536 3979 τοῦ
1557 3918 1676 3997 πολέμου
1696 3920 1740 3979 διδ
1759 3920 1811 3993 τήν
1833 3919 1946 4000 άρπογήν

303 4040 331 4079 οη
343 4019 396 4077 τοῖς
409 4010 505 4067 ὀδοῦσι.
518 4006 548 4067 τδ
560 4006 588 4065 δέ
599 4035 612 4061 ν
624 4006 675 4065 ύπδ
686 4012 732 4065 τοῦ
746 4030 776 4085 γε
787 4008 867 4084 λιμοῦ
878 4006 1046 4078 ἐξολωλότες,
1062 4034 1075 4058 ν
1086 4006 1127 4066 ότι
1169 4012 1222 4067 τῶν
1234 4011 1336 4087 πορνῶν
1349 4006 1494 4075 Ἀσπασίας
1504 4006 1551 4067 καὶ
1566 4006 1615 4078 τλν
1628 4006 1674 4066 ἐπί
1688 4006 1791 4076 τούτοις
1808 4008 1887 4090 δργλν
1898 4012 1947 4068 lle-
1955 4046 1976 4085 γ,

343 4102 379 4165 ῶς
389 4095 561 4175 λιμώττοντες
572 4093 614 4153 άεί
624 4097 756 4173 Μεγαρεῖς
766 4092 912 4163 παίζονται.
929 4092 973 4152 δεδι
987 4099 1064 4153 τοῦτο
1075 4094 1127 4175 γὰρ
1171 4096 1287 4179 ρυιλέους
1313 4095 1359 4154 καί
1382 4094 1413 4154 τδ
1433 4094 1571 4177 ψήφισμα,
1610 4098 1647 4163 ῶς
1665 4098 1693 4153 ἐν
1715 4096 1872 4176 Ἀχαρνεῦσι
1893 4106 1944 4171 [σει]

343 4186 388 4245 καί
405 4184 465 4251 τσδς
481 4184 578 4249 παῖδας
592 4180 754 4261 ἐπίπρασκον
768 4179 827 4249 τυδς
841 4185 950 4243 ἑαυτῶν.
970 4181 1016 4241 καῖ
1034 4182 1128 4243 ἐπεθύ-
1170 4183 1256 4267 ρησίν.
1606 4243 1611 4250 ,

344 4296 409 4351 μουν
422 4272 471 4351 μίν
488 4275 534 4344 τῆς
548 4268 665 4351 εἰρήνης,
680 4267 722 4327 διδ
735 4266 763 4327 δέ
779 4266 836 4335 τοὺς
852 4269 1000 4341 Ἀθηναίους
1014 4269 1128 4330 ἀνεθάλ-
1211 4292 1261 4333 σσε.
1283 4274 1400 4331 ἐντεῦθεν
1414 4290 1422 4330 :
1437 4270 1488 4330 Ἐκ
1501 4271 1594 4330 τούτου
1607 4276 1652 4329 τοῦ
1667 4270 1771 4352 μέρους.
1787 4272 1859 4351 λέγει
1871 4271 1896 4332 δὲ
1906 4278 1946 4331 τοῦ

343 4362 419 4421 λοντσ
431 4358 524 4431 αύτλν,
533 4358 568 4426 ῶς
578 4380 642 4439 φησι
654 4354 826 4425 Θουκυδίδης.
1172 4358 1210 4437 μή
1227 4359 1309 4420 θέλειν
1323 4367 1406 4417 ποιεῖν
1420 4356 1468 4427 τήν
1483 4357 1597 4436 εἰρήνην.

304 4487 331 4526 ⁴¹0
384 4468 434 4509 εει.
452 4446 514 4523 (ὑπὸ
531 4452 577 4505 τοῦ
597 4468 627 4523 γε
647 4445 726 4521 λιμοῦ
740 4462 748 4504 :
766 4440 915 4520 Αψεθττειν
934 4442 1025 4510 αὐτοῖς
1043 4446 1128 4524 λέγει,
1211 4470 1262 4510 εστ.
1284 4446 1358 4507 οὐδὲν
1373 4445 1424 4527 γδρ
1438 4446 1504 4505 άλλο
1518 4448 1597 4526 δρᾶτε
1615 4467 1623 4506 :
1642 4444 1723 4527 Παρδ
1741 4450 1898 4530 προσδοκίαν
1913 4441 1944 4507 εἰ·
1955 4482 1976 4520 γι

345 4536 434 4607 ἐπειδὴ
448 4534 492 4595 ότι
506 4532 555 4611 μὲν
567 4533 657 4615 εἰρήνη
675 4524 717 4605 ῆν,
728 4532 882 4613 εἰσήρχοντο
900 4534 936 4598 εἰς
948 4532 997 4604 τήν
1009 4533 1128 4607 Ἀττικήν
1171 4560 1220 4595 πεν
1243 4539 1272 4595 ού
1295 4535 1360 4616 πρὸς
1382 4532 1431 4605 τήν
1452 4533 1567 4614 εἰρήνην,
1588 4533 1658 4593 άλλδ
1680 4535 1745 4614 πρὸς
1766 4535 1798 4594 τθ
1821 4537 1943 4618 φιλόδικοι

345 4622 391 4683 καῖ
405 4622 582 4704 άπετρέροντο
596 4620 640 4680 διδ
653 4620 684 4680 τδ
697 4622 794 4681 πωλεῖν
807 4618 853 4679 καῖ
866 4619 1069 4679 συναλλάσσειν·
1084 4630 1129 4682 νῦν
1172 4626 1266 4682 αὐτῶν.
1282 4622 1341 4680 άντδ
1358 4628 1405 4680 τοῦ
1428 4622 1524 4692 εἰπεῖν,
1540 4620 1615 4681 οὐδὲν
1631 4620 1683 4702 γάρ
1699 4622 1765 4681 άλλσ
1789 4623 1867 4705 δρᾶτε
1884 4622 1945 4694 πλήν

347 4710 374 4769 δέ
389 4710 505 4789 πολέμου
522 4710 594 4778 ὄντος
606 4709 747 4787 ἐφούοῦντσ
760 4711 883 4767 εἰσελθεῖν
896 4710 933 4774 εἰς
948 4706 995 4778 τὴν
1010 4709 1130 4782 Ἀττικὴν
1172 4720 1279 4795 ρωνεῖτε
1302 4709 1376 4769 οὐδὲν
1398 4708 1525 4776 ἕλκοντες.
1597 4707 1707 4778 Ἄλλως.
1725 4709 1800 4769 σύδέν
1824 4714 1888 4792 πρὸς
1904 4710 1944 4782 τήν

346 4798 392 4857 καὶ
401 4798 531 4879 ἀγοράσαι
539 4790 576 4857 ῶν
587 4796 710 4878 ἔχρῃζον·
720 4796 746 4865 ἐξ
756 4798 842 4855 αὐτῶν
855 4794 905 4877 γάρ
916 4796 1018 4871 ἐγένετο
1028 4801 1047 4868 ἡ
1057 4798 1130 4859 αἰτία
1173 4800 1278 4881 εἰρήνην
1296 4802 1387 4870 τοῦτο,
1398 4799 1457 4856 ἀλλ’
1470 4800 1505 4864 εἰς
1522 4797 1682 4879 φιλονεικίαν
1699 4798 1794 4866 αὐτούς
1809 4798 1944 4858 διεύέλλει

308 4921 335 4964 ,γ
347 4890 392 4945 τοῦ
412 4884 538 4963 πολέμου.
560 4884 586 4953 ἐξ
608 4886 726 4955 Ἀττικῆς
744 4882 772 4942 δέ
786 4886 899 4942 ὠνοῦντο
915 4882 962 4951 τθις
976 4884 1073 4966 τροφάς
1087 4885 1131 4945 διδ
1173 4886 1251 4969 ρηαῖν
1270 4876 1315 4945 σύν
1329 4888 1357 4945 ἐν
1376 4883 1461 4944 οὐδενὶ
1473 4886 1560 4944 ῖκανσί
1576 4888 1636 4944 ἐστε
1651 4884 1720 4957 πλὴν
1736 4888 1763 4945 ἐν
1777 4890 1817 4970 τῷ
1833 4887 1944 4956 δικάζειν.
1955 4920 1974 4955 ο,
2012 4941 2013 4946 ,

347 4972 378 5033 τδ
387 4974 433 5033 καῖ
442 4972 596 5046 πλησιάζειν
609 4975 690 5053 αὐτῇ,
701 4972 746 5031 καὶ
760 4970 803 5030 διὰ
816 4971 847 5030 τδ
858 4971 949 5046 ὀλίγην
960 4972 1130 5033 παντάπασιν
1173 4977 1260 5040 καλῶς
1274 4972 1302 5032 δὲ
1320 4972 1380 5040 τσῖις
1394 4972 1544 5046 Ἀθηναίους
1563 4972 1730 5055 σἰπέσκωψεν,
1742 4973 1787 5033 ίνα
1802 4975 1840 5053 μὴ
1857 4976 1888 5033 τῖι
1898 4984 1944 5032 πᾶν

349 5060 417 5143 ἔχειν
429 5060 519 5143 χώραν
531 5060 578 5133 τλν
590 5060 796 5141 γεωργουμένην.
808 5060 875 5135 εἰκὸς
885 5051 929 5118 σύν
941 5052 972 5132 ήν
983 5059 1045 5129 τοὺς
1056 5062 1130 5135 Ἀθη·
1173 5062 1287 5141 διαύάλῃ
1303 5061 1408 5138 ποίημα
1420 5065 1456 5128 ὡς
1466 5064 1495 5121 ’ἐν
1506 5072 1587 5121 πᾶσιν
1599 5064 1688 5128 αύτοῖς
1700 5060 1853 5143 χαρίζεσθαι
1866 5085 1945 5145 προαι-

348 5148 435 5217 ναίους
449 5148 594 5239 ἐτρεξιύντας
608 5151 696 5215 αὐτοῖς
708 5146 818 5207 κωλύειν
832 5146 880 5219 τήν
899 5147 961 5227 παρ’
977 5148 1063 5215 αὐτοῖς
1081 5154 1130 5228 γῆν
1174 5150 1297 5230 ρσύμενσς
1317 5150 1362 5209 καί
1378 5149 1555 5229 αἰποκρύπτοιν
1569 5154 1656 5209 αὐτῶν
1669 5150 1716 5218 τδς
1733 5150 1943 5233 αἰτίας,.όπιρδν

348 5237 518 5319 γεωργεῖν.·ῆ
537 5235 575 5295 δ’τι
592 5238 627 5303 εἷς
644 5235 795 5315 πολιορκίαν
813 5235 980 5307 κατέστησαν
999 5236 1092 5303 αὐτοὺς
1107 5242 1129 5297 σί
1151 5258 1154 5265 ·
1174 5237 1243 5306 ἔδοξε
1265 5239 1348 5297 ποιεῖν
1370 5237 1436 5313 μηδὲ
1457 5238 1688 5317 χεριεντισάμενσς
1706 5238 1751 5299 καῖ
1769 5239 1834 5317 πρὸς
1854 5238 1942 5304 αὐτούς.
