4100 6109
822 452 948 515 otuu.
1605 481 1663 535 ur

106 591 277 670 παραστῆσαι.
292 594 460 649 Correettuu
475 608 511 644 ακ
526 587 561 645 Θ.
575 598 603 644 ct
618 586 859 663 Harpocratiotte.
878 585 884 709 1
902 584 953 655 5-7
966 590 1315 671 τούτο-κιθαρίζονταοπι,
1325 600 1393 673 lleg.
1406 602 1492 658 «Post
1503 600 1669 683 κιθαρίζοντα

107 675 356 759 wimplio-mcci
370 681 405 735 V.
420 716 458 754 7-
470 678 509 743 to
520 694 580 751 seq.
594 672 759 752 ἢ-σπερμ
775 672 862 732 θείνει
879 717 883 750 ,
901 672 1050 749 legebatur
1061 675 1147 745 ἄλλως
1162 702 1192 738 τε
1206 677 1252 737 καί
1268 681 1299 741 τὸ
1314 681 1409 765 μέτρον·
1429 684 1585 761 συστέλλειν,
1601 689 1669 749 θέλει

109 766 299 843 Ηονροοηςίο.
314 772 406 842 ..19
421 759 861 839 ΚόόαλοιδίΘ.,ςγιιίοιιι.τινες.
900 758 950 831 τὴν
964 762 996 819 λο
1017 764 1162 839 συλλαβήν,
1180 789 1244 845 quae
1265 784 1332 848 post
1357 774 1465 849 ἀμαθεῖς
1494 780 1670 854 transposuit

142 855 205 924 283,
224 872 260 911 sa
273 848 332 919 τοὸς
344 856 379 910 11.
902 851 1023 923 nemsi,
1039 870 1093 929 ego
1109 852 1212 913 delevi.
1235 858 1310 917 lllud
1335 869 1430 919 tamen
1447 876 1523 921 recte
1537 865 1667 925 animad-
1769 894 1780 915 ο

144 942 207 1013 ut,
224 962 260 1018 ¹9
274 938 343 1018 άγω,
360 937 469 1017 νομίζω,
481 937 512 998 τὸ
525 940 611 1016 θυμοῦ·
630 935 677 995 καὶ
690 936 721 996 τὸ
734 932 863 1016 αυντρίθω
902 938 990 995 vertit
1004 939 1126 1013 llemst,
1140 942 1177 1003 ab
1191 944 1250 1004 olio
1267 949 1456 1023 grammatico
1478 952 1532 1011 ista
1542 972 1604 1012 csse
1616 953 1669 1013 tul·

107 1038 175 1089 tunt
186 1030 293 1108 Regius
306 1040 394 1087 recte.
902 1025 1008 1101 scripte
1023 1041 1052 1085 et
1063 1029 1161 1108 inopte
1176 1032 1302 1107 quidem.
1317 1040 1391 1096 Nam
1406 1038 1483 1113 quod
1495 1038 1572 1099 ¹dicit
1586 1041 1623 1100 de
1639 1042 1671 1099 λο

144 1119 206 1189 οδθ,
217 1125 254 1187 αἱ,
266 1114 407 1200 βαρύνεται
419 1116 515 1176 codex
525 1114 691 1193 cantabrig.
708 1132 757 1191 tp.
774 1111 862 1173 Kidd.
902 1112 1013 1187 syllaba
1023 1119 1186 1179 necessario
1197 1122 1382 1199 corripienda
1397 1125 1428 1181 in
1438 1126 1582 1203 vulgatam
1594 1128 1671 1188 cadit

108 1206 139 1263 ad
150 1204 267 1263 Perconi
282 1204 404 1263 mscell.
415 1224 447 1283 p.
466 1214 530 1281 194.
738 1269 740 1272 Ι
903 1198 1094 1277 scripturam,
1110 1224 1167 1262 non
1183 1206 1212 1264 in
1227 1209 1425 1286 conjecturam
1441 1212 1517 1271 illem
1532 1234 1671 1291 bnamma·

144 1294 206 1367 ²⁸72
217 1278 254 1350 ,Β
267 1295 357 1353 Τοῦτο
369 1288 590 1372 mmmm<
611 1288 664 1367 γ-ίν
679 1286 737 1365 (1.).
749 1291 764 1347 θ
776 1286 864 1355 Μίδας
904 1287 953 1344 tici
967 1289 1136 1365 cujusdam,
1156 1293 1186 1351 in
1202 1314 1261 1372 qua
1279 1310 1405 1357 metrum
1422 1312 1451 1357 et
1470 1301 1623 1381 θρεττανελό
1642 1316 1672 1361 et

109 1386 183 1441 V...
192 1381 226 1439 26
238 1370 295 1459 εἶχε
302 1386 339 1447 V.
351 1386 424 1441 Tum
435 1381 476 1439 sic
489 1380 596 1459 pergit,
608 1377 704 1445 άλλως.
717 1378 864 1453 παροιριῦν
904 1376 1067 1455 θρεττανελύ
1095 1381 1160 1438 lert.
1173 1406 1186 1435 ν
1210 1387 1301 1443 Dran.
1313 1421 1349 1430 —
1365 1390 1442 1462 9-la
1469 1389 1499 1455 in
1520 1391 1615 1449 V.-hic
1628 1404 1671 1449 cst

109 1466 200 1548 θαίιιλ
215 1474 261 1527 τοῦ
275 1466 372 1529 Μίδου.
389 1466 476 1546 οίμίν
489 1465 611 1546 λίγωσιν
629 1465 706 1527 αὐτὸν
722 1454 780 1525 όιτα
793 1463 863 1544 ἔχειν
903 1463 977 1521 ordo
997 1463 1191 1542 scholiorum,
1216 1468 1358 1541 Φιλόξενος
1381 1472 1601 1553 διθυραμύοποιὸς
1620 1500 1671 1537 πε-

109 1555 160 1615 tm
171 1553 212 1614 διὸ
224 1552 270 1614 σὸν
284 1555 329 1633 (δι’
342 1554 359 1613 θ
371 1558 423 1633 G.)
436 1554 590 1638 εἰρήκαμεν.
606 1557 631 1613 οἱ
642 1552 671 1613 δί
682 1552 723 1613 δτι
733 1552 807 1619 όνους
817 1558 863 1611 τοῦ
902 1549 998 1623 ποίηκε
1006 1552 1155 1613 Γαλάτειαν
1166 1556 1264 1637 δρᾶμα,
1276 1560 1302 1617 ἐν
1310 1548 1333 1640 ᾧ
1341 1559 1469 1633 πεποίηκε
1480 1562 1524 1621 τὸν
1535 1560 1672 1625 Κύκλωπα

110 1642 222 1705 Διονύσον
231 1641 376 1723 παριόντας
386 1643 507 1717 ἠδίκησε.
518 1642 558 1704 διὸ
568 1642 697 1723 ὀργισθεὶς
710 1647 724 1704 θ
740 1641 795 1710 θεὸς
807 1630 864 1701 ὦτα
904 1640 967 1721 ἰρδν
979 1644 1063 1716 effic
1076 1642 1122 1717 καί
1134 1644 1246 1728 κιθάραν
1260 1644 1387 1729 κρούοντα
1402 1648 1446 1705 καλ
1460 1650 1487 1707 ἐν
1506 1654 1546 1733 τῷ
1570 1651 1673 1735 κρούειν

110 1736 160 1794 ὄνου
173 1734 388 1814 αύτῷπαριῆβεν.
401 1731 464 1794 οίδί
477 1732 517 1793 ύει
529 1721 586 1792 εἶπα
597 1731 656 1793 ύνου
675 1732 780 1812 μεγάλα
795 1728 864 1810 ἔχειν
905 1728 1121 1807 ἀπομιμούμενον
1133 1734 1288 1813 θρεττανελὸ
1300 1734 1463 1815 θρεττανελό.
1475 1736 1532 1796 ἔστι
1544 1736 1571 1797 δὲ
1585 1739 1673 1800 astet

111 1823 176 1904 μίσος
187 1820 394 1903 captandumst,
414 1825 439 1883 οἱ
458 1821 486 1883 δὲ
506 1821 547 1881 ὅτι
566 1821 743 1903 παροιμιῶδες
761 1818 866 1897 ἑλίγετο
903 1817 1118 1900 περιγραφόμενα
1133 1822 1239 1896 ἐκεῖθεν,
1254 1821 1313 1880 ἀλλ’
1325 1820 1367 1881 εἴα
1381 1826 1460 1889 τίκνα
1474 1824 1562 1903 θαμῖν’
1578 1828 1673 1887 ἐπανα.

110 1912 148 1971 tet
163 1916 205 1971 τοῦ
221 1909 318 1983 Μίδου,
336 1910 392 1971 ίπελ
411 1910 468 1979 όνος
484 1911 585 1989 μᾶλλον
598 1908 688 1970 ἀκούει
705 1912 757 1967 τῶν
778 1909 865 1966 ἄλλων
905 1902 1028 1972 boim-
1047 1905 1156 1975 Ἀλλιος.
1180 1908 1225 1967 καὶ
1246 1907 1299 1987 μὴν
1318 1908 1402 1989 ἔγωγε
1424 1913 1587 1992 βουλήσομαι
1605 1917 1673 1992 ὑμᾶς

111 1999 173 2069 unu
185 1998 306 2071 πλὴντοῦ
317 1998 391 2078 μυός.
403 2000 449 2060 καλ
463 2003 478 2059 θ
489 1999 576 2067 Μίδας
587 1998 736 2065 δίπολλαὸς
744 1999 864 2057 ὠτακου-
906 1990 992 2070 ιίγιιν·
1017 1995 1135 2078 διασύρει
1157 1995 1185 2055 δὲ
1208 1996 1252 2057 τὸν
1267 1996 1410 2067 Φιλόξενον
1430 1998 1474 2059 τὸν
1494 2001 1630 2083 τραγικὸν,
1647 2003 1673 2069 θς

112 2089 166 2155 οτὸς
187 2076 250 2167 εἶχε
270 2086 380 2166 λίγεται
397 2087 526 2170 δὸτούτιρ
542 2087 587 2149 τὸν
602 2085 751 2149 Πακτωλὸν
766 2085 865 2167 χρυσὸν
905 2080 1030 2161 εἰσάγαγε
1041 2082 1206 2165 κιθαρίζοντα
1217 2084 1262 2145 τὸν
1275 2083 1447 2167 Πολύφημον.
1457 2086 1488 2147 τὸ
1497 2087 1671 2170 δὲθρεττανε-

112 2182 196 2256 ῥεῦσαι.
208 2174 315 2253 λέγεται
329 2176 358 2237 δὲ
374 2176 454 2237 αὐτὸν
471 2175 596 2245 εύξασθαι
608 2174 678 2236 ὥστε
691 2175 780 2236 πάντα
792 2173 866 2251 γενέ·
905 2169 937 2232 λδ
949 2169 1024 2230 ποιὸν
1036 2168 1114 2248 μίλος
1127 2172 1173 2231 καί
1187 2173 1348 2255 κρουμάτιόν
1360 2176 1424 2233 ἐστι.
1438 2172 1547 2243 Ἄλλως.
1559 2181 1574 2237 θ
1585 2178 1657 2239 Φιλύ

113 2270 162 2323 τθαι
173 2262 257 2345 χρυσὸ
267 2262 339 2325 ὅσων
349 2265 460 2349 ἅψεται,
474 2265 521 2325 καὶ
532 2263 577 2325 διὸ
589 2270 668 2325 τοῦτο
677 2263 755 2324 adele
770 2260 866 2321 ἀπολέ-
906 2253 975 2325 ξενος
990 2261 1005 2317 ὸ
1026 2258 1247 2340 διθυραμύοποιὸς
1274 2262 1301 2320 ίν
1321 2254 1431 2343 Σικελία
1456 2252 1671 2345 ἤν-όξυδόρκει,

111 2355 163 2409 αθαι
175 2354 224 2409 τῶν
234 2351 385 2432 βρωμάτων
394 2352 551 2432 γενομίνων.
567 2352 676 2425 Ἄλλως.
690 2350 778 2421 Μίδας
789 2352 862 2427 βασι·
906 2344 1017 2413 Ἄλλως.
1044 2347 1188 2419 Φιλόξενον
1207 2348 1252 2411 τὸν
1280 2349 1576 2432 διθυραμύοποιὸν-τὸ·
1592 2350 1675 2431 με’λος

112 2438 161 2506 λεὸς
169 2430 200 2511 ἦν
213 2443 266 2499 τῶν
279 2442 407 2522 Φρυγῶν.
422 2432 495 2508 οὗτος
507 2439 571 2521 ίοχε
581 2434 728 2523 δηλᾶτορας
741 2437 867 2512 (δηλήτο-
906 2435 1001 2495 ἐκεῖνο.
1014 2433 1094 2517 ἡγὸρ
1104 2436 1200 2520 κιθάρα
1208 2437 1356 2521 κρονομάνη
1368 2444 1488 2498 τοιοῦτον
1501 2438 1581 2517 μύλος
1594 2450 1674 2515 ποιεῦ,
1745 2488 1748 2495 .

113 2551 152 2608 ρας
163 2529 217 2606 (t),
228 2527 274 2587 καλ
291 2527 466 2606 μανθάνοντες
480 2529 659 2610 παραλλήλοις
680 2526 783 2605 (scrib.
804 2523 867 2605 παρ’
906 2522 1061 2604 θρεττανελὸ
1080 2526 1243 2605 θρεττανελύ.
1261 2524 1471 2609 τινὸς-φωνήν.
1481 2562 1520 2573 -
1535 2550 1554 2606 9
1576 2532 1675 2609 βουλή-

112 2615 238 2691 illidor)
255 2614 291 2675 τὸ
311 2615 461 2697 πράγματα
480 2615 648 2697 ἀπήγγελλον
662 2618 746 2695 αὐτῷ.
765 2613 812 2673 άτε
834 2611 866 2686 δὴ
907 2614 1166 2693 σομαιθμῦςάγειν.
1188 2622 1260 2675 Nam
1275 2618 1339 2675 aliis
1355 2614 1487 2694 placebat
1503 2638 1538 2677 ex
1564 2639 1674 2696 praece-

112 2696 150 2763 cis
159 2703 256 2764 θκούων
268 2692 398 2771 τεόίλλων
409 2704 472 2786 ίαχε
484 2703 534 2778 τὸν
548 2703 712 2783 ἐπωνυμίαν,
724 2702 743 2774 ἢ
756 2702 797 2762 δτι
809 2701 867 2782 χόν-
907 2702 988 2760 denti
996 2714 1127 2781 repetere
1136 2709 1262 2786 χορεῦσαι
1275 2703 1455 2786 νε1χορεύειν,
1466 2719 1498 2765 ut
1509 2710 1676 2785 proximum

114 2816 153 2874 ραν
165 2790 484 2873 ούιινιισλονμίνηνίχειν
496 2792 556 2853 όνου
573 2782 631 2853 dico
650 2790 810 2874 ἰχειράισατο
822 2788 868 2849 καί
907 2792 1039 2852 scholion
1053 2796 1180 2854 ostendit
1197 2819 1203 2852 :
1221 2792 1386 2874 βουλήσομαι
1397 2795 1526 2879 χορεύειν,
1547 2796 1593 2857 καί
1610 2802 1678 2875 θμῦς

115 2878 159 2937 ἀπὸ
169 2877 258 2939 τούτου
271 2880 383 2955 ίκλήθη.
399 2885 435 2941 tt
451 2882 513 2941 lucc
525 2895 638 2941 tantum
659 2880 756 2953 babet,
774 2900 866 2960 παροι-
908 2881 994 2960 δγιιν.
1018 2887 1133 2943 Ηιιιιετ.
1147 2916 1185 2929 -
1201 2893 1234 2952 ιθ
1253 2884 1351 2945 Suide
1373 2906 1395 2943 s.
1416 2886 1583 2968 Θρεττανιλὸ
1601 2890 1678 2948 codi-

114 2965 310 3045 μιύθιιίλίγετο
321 2968 439 3049 περὶτοῦ
453 2968 540 3029 Μίδου
558 2967 599 3029 θεν
615 2966 728 3037 πολλυὸς
747 2968 869 3027 ὠτακου-
909 2990 957 3029 οεε
976 2970 1276 3051 τραγῳδοδιδάσκαλον.
1287 3004 1323 3017 -
1339 2972 1373 3031 15
1403 2968 1484 3053 priirs
1500 2973 1543 3035 τὸν
1564 2996 1622 3036 om.
1642 2982 1676 3036 11.

114 3053 191 3127 ttici
200 3054 294 3136 κύμην
302 3055 363 3117 τινὰ
374 3046 431 3137 εἶχε
442 3056 564 3139 Φρυγίας
575 3046 633 3143 κίττα
645 3056 705 3119 ύνου
714 3053 869 3134 λεγομίνην.
908 3091 948 3101 -
958 3078 997 3118 oo
1004 3057 1121 3142 χορεύειν
1134 3064 1168 3119 11.
1179 3102 1218 3114 -
1228 3079 1266 3118 aa
1276 3080 1317 3139 sq·
1333 3063 1350 3131 ἡ
1364 3060 1611 3145 γὸρ-θρεττανελό
1621 3065 1678 3123 hue

114 3132 190 3211 lisca
207 3142 265 3207 όναο
285 3143 392 3227 λίγεται
413 3145 458 3205 τὸν
473 3146 562 3206 Μίδαν
579 3144 651 3225 ἔχειν
666 3143 710 3205 διὸ
724 3143 869 3211 τοὸςώτα-
910 3146 1088 3226 transposuit
1110 3147 1198 3207 Diod.
1223 3167 1289 3206 cum
1314 3151 1350 3209 lt.
1365 3152 1399 3210 V.
1416 3161 1447 3208 et
1469 3150 1567 3212 Suida.
1585 3155 1677 3231 Supra

114 3231 214 3297 κουστοίς
231 3232 380 3293 ....νοίαν
395 3234 485 3309 ίπειδὴ
500 3233 584 3304 θόνος
597 3236 698 3313 μᾶλλον
713 3230 805 3295 ἀκούει
817 3233 869 3289 τῶν
909 3250 978 3294 ante
993 3232 1138 3302 Φιλόξενον
1157 3234 1203 3295 τὸν
1221 3235 1444 3318 διθυραμύοποιόν
1462 3240 1482 3300 l.
1503 3247 1536 3307 ιθ
1548 3239 1679 3303 ,exbibet

115 3318 191 3375 τίλλειν
204 3311 276 3389 ζώων
287 3320 360 3393 πλὴν
373 3322 449 3401 μυός.
462 3326 487 3383 οἰ
499 3321 528 3385 δὸ
538 3308 580 3383 dri
593 3321 666 3390 όνους
681 3327 728 3381 τοῦ
743 3318 870 3381 Διονύσου
909 3323 971 3381 stu.
993 3323 1143 3401 premisso
1168 3322 1342 3403 θρεττανελόι
1357 3322 1413 3386 Τὸν
1427 3324 1573 3406 κιθαρῳδόν
1591 3337 1620 3385 et
1633 3348 1678 3387 so-

117 3404 243 3487 τοριόντας
251 3407 375 3483 ἠδίκησε.
390 3410 547 3494 dib-,pinu
561 3402 641 3493 εἶχεν.
649 3413 686 3472 Θ.
702 3411 763 3469 brec
775 3410 871 3467 omnia
910 3424 1018 3489 quente
1031 3408 1135 3485 άλλως,
1150 3432 1214 3491 quae
1228 3432 1286 3472 om.
1302 3419 1340 3474 ll·
1362 3412 1442 3471 ldem
1468 3413 1609 3492 κινουμίνη
1622 3436 1679 3493 pu»

116 3497 219 3553 omittit.
231 3531 269 3541 —
281 3499 319 3555 28
330 3494 426 3575 κώμην
439 3497 598 3581 Φρυγιακὴν
618 3498 702 3559 Suid.
723 3516 747 3557 s.
771 3495 868 3563 Μίδας.
911 3498 1069 3579 κρουομάνη.
1093 3506 1162 3578 lieg.
1185 3498 1394 3580 ἀνακρουομένη.
1405 3541 1444 3553 -
1455 3503 1492 3559 23
1518 3502 1679 3584 θρεττανελὸ)

116 3581 239 3665 Κατίσχεν
250 3597 295 3646 est
306 3588 475 3697 occuparit,
489 3588 678 3667 expugnavit.
699 3585 870 3732 Diopenian.
911 3588 1076 3664 θρεττανελώ
1097 3591 1132 3646 ll.
1150 3620 1188 3633 ·-
1203 3598 1239 3655 at
1265 3588 1364 3667 φωνήν.
1392 3585 1438 3646 τὸν
1461 3588 1606 3671 κιθαρῳδόν
1624 3592 1679 3649 ίιοο

117 3673 141 3742 6,
154 3673 199 3743 73:
211 3672 298 3739 Μίδας
309 3674 458 3736 ύνουωται
472 3673 538 3737 Ὅτι
553 3673 722 3741 ὠτακουστὰς
740 3696 826 3753 εχει·
847 3674 872 3730 cl
912 3673 977 3733 loco
990 3675 1071 3735 addit
1085 3680 1130 3747 V.,
1151 3675 1231 3753 quod
1252 3695 1310 3737 om.
1327 3679 1362 3737 G.
1384 3680 1539 3755 Sequentia
1559 3678 1617 3737 omi
1633 3684 1678 3754 tt,

117 3758 140 3817 ὸὲ
151 3760 240 3840 χοιρίον
254 3764 336 3823 atem
349 3786 429 3846 ρααιν
443 3761 513 3824 ούτω
527 3766 665 3825 καλεῖσθαι
676 3762 721 3823 ὑπ’
732 3764 812 3821 «etot
823 3761 873 3831 λη-
911 3761 1001 3822 babet
1015 3763 1131 3841 llegius.
1142 3794 1181 3807 -
1196 3765 1231 3820 25
1242 3765 1371 3845 Δωριεῦσι
1382 3769 1454 3843 Reg.
1464 3766 1530 3825 Ald.
1540 3771 1680 3827 Correus·

117 3848 170 3928 ρθὸν
189 3852 339 3911 ἀνάλωτον·
362 3866 392 3912 et
416 3855 538 3914 totidem
554 3856 652 3916 verbis
670 3850 805 3931 Apostol.
828 3851 872 3921 13,
911 3862 956 3909 rot
975 3852 1062 3910 etiam
1083 3856 1193 3911 Hemst.
1208 3884 1242 3899 ·-
1257 3854 1294 3909 αθ
1308 3850 1360 3911 τινλ
1378 3872 1435 3913 οιιι.
1451 3854 1536 3912 etiem
1553 3858 1624 3932 lleg.
1641 3886 1677 3900 -

121 3959 159 4012 ¹9.
174 3940 243 3999 Vide
263 3945 364 4009 Tzetz.
386 3942 461 4001 Chil.
477 3964 507 4013 ι,
518 3942 587 4003 bist.
604 3964 635 4003 n.
659 3947 773 4003 Ηειιοτ.
785 3971 824 3983 -
835 3940 872 3997 30
915 3939 951 3996 αθ
965 3937 1000 3997 τὸ
1010 3938 1078 4021 μίρη
1091 3941 1210 4015 Κ.11εγς.
1224 3939 1338 4001 ntds-
1355 3959 1393 4016 ²9
1406 3938 1577 4021 δρῦμαὸὸῦ.
1588 3943 1677 4003 omis·

117 4025 182 4085 αἀὸν
191 4028 279 4087 πάλιν.
293 4035 407 4089 Locum
421 4051 484 4091 esse
495 4032 553 4091 sibi
572 4030 781 4109 suspectumin
796 4046 872 4087 mar·
912 4030 951 4087 sis
963 4026 1081 4087 καλίκεῖ.
1095 4024 1220 4105 είαόγαγε
1232 4032 1304 4105 Reg.
1313 4028 1452 4099 --3οτῆς
1464 4044 1525 4089 om.
1539 4032 1575 4092 V.
1587 4034 1679 4089 «τοῦτο

117 4115 174 4190 gine
182 4118 246 4177 libri
256 4120 304 4178 sui
314 4120 426 4181 notarit
437 4126 596 4181 Kasterus:
606 4120 636 4179 in
647 4118 736 4178 Suidn
748 4127 872 4187 tantum,
912 4116 949 4177 δέ.
960 4116 1059 4178 llocsi
1073 4113 1179 4173 mendo
1188 4134 1286 4175 carere
1300 4126 1435 4193 ponatur,
1449 4116 1520 4173 nillil
1535 4127 1579 4199 est
1592 4117 1679 4193 prim,

117 4202 157 4261 καὶ
164 4205 237 4267 αὐτὸν
245 4205 380 4283 τάξασθαι,
389 4209 492 4269 ceteris
503 4208 653 4287 neglectis,
664 4226 729 4284 quae
741 4224 801 4263 non
815 4222 874 4261 ma-
912 4222 999 4281 ιγυειιι
1013 4216 1045 4261 ut
1064 4222 1126 4261 eam
1147 4201 1178 4259 in
1197 4202 1392 4280 suspicionem
1415 4204 1523 4277 venias,
1537 4202 1679 4263 excidisse

117 4309 232 4370 gnopere
252 4296 426 4357 desideres:
450 4298 630 4376 transpositu
653 4296 750 4354 lenior
772 4293 873 4353 erodet
912 4310 1017 4367 unam,
1031 4309 1097 4369 qua
1114 4290 1181 4351 huic
1194 4290 1386 4368 respondeat,
1396 4291 1536 4353 orationis
1547 4284 1677 4370 partem:

119 4382 202 4439 oratio
215 4404 222 4442 ε
234 4382 316 4443 πάλιν
336 4383 366 4444 δί
382 4383 490 4462 λέγεται
510 4383 591 4444 αὐτὸν
609 4383 743 4453 εὔξασθαι.
763 4387 873 4441 11ιιεει.
911 4384 990 4438 τοῦτο
1014 4376 1078 4455 μὸν.
1091 4422 1098 4435 .
1112 4423 1118 4437 .
1131 4419 1139 4435 .
1154 4383 1231 4438 τοῦτο
1254 4376 1281 4437 li
1300 4376 1476 4457 αἰνιττόμενος
1494 4392 1551 4440 etc.
1562 4380 1679 4454 tuurfa-

119 4468 189 4525 πελιν
201 4490 257 4531 om.
268 4477 306 4533 V.
318 4510 357 4523 -
369 4474 406 4542 31
427 4471 501 4539 ὄνους
522 4469 583 4540 eol<
598 4476 645 4530 τοῦ
661 4469 771 4531 suidas.
783 4500 822 4513 —
836 4470 872 4527 35
913 4466 1007 4525 bolom
1021 4468 1158 4545 Cyclopis
1177 4480 1206 4523 et
1219 4470 1348 4525 Galateoe
1365 4472 1414 4525 illo
1427 4470 1557 4525 dramate
1569 4460 1678 4545 pertru-

119 4555 218 4633 παρνὸν.
226 4560 293 4629 Atd,
313 4558 385 4640 ίχειν
403 4560 478 4641 αύτῷ
498 4559 612 4619 Suidas.
628 4602 667 4613 ...
682 4566 719 4626 41
737 4555 781 4615 ὑπ’
801 4558 874 4637 αύτῷ
912 4569 1000 4628 ctam,
1012 4570 1071 4613 tum
1084 4562 1164 4614 tacite
1177 4562 1324 4629 respiciens
1335 4557 1376 4612 ad
1385 4558 1555 4629 Dionysium.
1567 4555 1678 4634 Alioqui

120 4645 197 4702 Paris.
212 4636 241 4704 et
253 4652 325 4725 Reg.
346 4647 511 4725 Legebatur
528 4647 573 4706 ὕπ’
591 4650 679 4707 αὐτοῦ.
699 4643 830 4724 λεγόμενά
845 4666 874 4703 τι
913 4664 1002 4723 parva
1016 4645 1101 4721 plane
1117 4644 1275 4701 mutatione
1290 4655 1399 4701 rectum
1415 4644 1487 4717 erit,
1503 4648 1594 4701 τοῦτον
1610 4646 1679 4721 (scil.

119 4730 326 4813 καλπμττόμενα
335 4756 394 4797 οιιι.
407 4737 495 4795 Poris.
509 4736 611 4794 «Conl.
623 4734 752 4794 Endocia
764 4754 792 4811 p.
806 4752 874 4809 290,
912 4731 958 4791 τὸν
972 4732 1123 4809 Κύκλωπα)
1138 4730 1314 4807 αἰνιττόμενος
1326 4732 1362 4797 εἰς
1371 4728 1519 4803 Διονύσιον,
1531 4731 1610 4807 quod
1620 4731 1680 4791 lere

119 4832 144 4875 et
153 4820 301 4881 Phanorin.
313 4846 339 4882 v.
356 4824 453 4892 Μίδας.
465 4856 476 4875 ι
488 4831 573 4884 Βιετ.
914 4823 1046 4881 malim.»
1062 4826 1173 4881 llusr.
1191 4825 1262 4897 lleg.
1278 4817 1434 4897 Γαλατείας,
1448 4818 1623 4898 αἰνιττόμενος
1645 4817 1680 4881 τὸ

155 4911 321 4987 ²9⁰,49-53
334 4912 533 4990 habetruargo
546 4908 875 4990 Dorv.usqtteaddllut,
913 4896 981 4971 κάτὸι
995 4908 1040 4968 τὸν
1053 4913 1086 4971 Δ.
1109 4910 1189 4968 1ιΙαιιι
1208 4912 1245 4967 3ο
1267 4921 1335 4986 post
1354 4906 1494 4989 ὦξυδόρκει
1515 4906 1680 4986 pergit:xel
1786 4960 1790 4967 .

107 4997 229 5057 -euivoei
237 5002 333 5059 stetim
342 5000 471 5079 subjicit,
482 5000 514 5060 τὸ
527 5000 555 5063 ll
568 5004 608 5083 θρ.
618 5003 665 5072 τῆς
678 5000 705 5062 λ.
718 4996 789 5057 ἐστὶν
803 4997 873 5070 άπά-
914 4996 1103 5079 άνακρούονιος
1118 4996 1193 5067 δῆθεν
1205 5000 1252 5055 τοῦ
1263 4995 1408 5065 Κύκλωπος
1422 4992 1470 5065 τὴν
1482 4994 1603 5078 κιθάραν,
1616 4999 1679 5055 τοῦ-

122 5103 198 5159 κτρα.
215 5086 251 5146 Θ.
268 5088 344 5146 nulln
365 5089 403 5147 nd
426 5088 504 5163 liunc
527 5108 643 5149 versum
661 5086 772 5147 scholia
787 5085 876 5147 habet
914 5108 944 5147 το
956 5085 988 5145 τὸ
1004 5084 1081 5163 μίλος
1098 5086 1258 5145 ἀπετελιῑτο.
1274 5082 1386 5143 Deinde
1402 5096 1470 5161 post
1485 5083 1567 5161 pluro
1581 5103 1618 5141 ex
1629 5102 1679 5141 su-

123 5184 217 5246 ptaeler
229 5176 288 5251 ille,
299 5180 377 5237 τοῦτο
391 5171 529 5258 άτιήχκμα
538 5180 586 5251 τῆς
597 5177 677 5259 λύρας
687 5173 735 5236 καί
745 5176 777 5233 ού
790 5174 874 5235 συνά-
914 5172 1095 5254 perioribus,
1122 5174 1224 5231 Veneti
1248 5171 1344 5231 uerbis
1371 5172 1389 5231 l.
1416 5173 1452 5229 23
1481 5192 1524 5250 sq.
1548 5170 1680 5247 subjicit,

122 5280 204 5321 πεεται
216 5267 249 5341 τῇ
259 5263 388 5334 συντάξει.
399 5300 436 5312 -
449 5266 485 5325 52
504 5265 548 5325 καὶ
559 5269 574 5325 θ
585 5264 690 5348 Καρίων
702 5254 735 5336 ἥν
750 5268 820 5340 mg.
836 5297 874 5307 —-
893 5313 897 5338 ,
915 5260 1077 5343 μιμούμενος
1092 5250 1136 5319 ούν
1146 5260 1191 5319 καί
1205 5250 1278 5325 οὗτος
1294 5259 1339 5319 τὸν
1352 5260 1500 5341 άγροικικὸν
1515 5256 1592 5337 χορὸν
1603 5261 1681 5319 τοῦτο
