4100 6109
366 438 425 494 ll!
930 425 1161 489 honorario
1177 425 1217 524 lli
1237 424 1369 487 SCllOL.

365 560 539 641 Reghpud
553 558 759 627 Aristotelem,
774 555 871 629 ταύτης
889 556 979 617 πάντα
991 556 1026 617 τὰ
1043 558 1129 642 ρίλλα
1174 561 1251 619 disse
1266 580 1367 619 vocem
1381 550 1447 625 σίνος
1463 583 1470 617 :
1485 557 1553 618 οὕτω
1565 560 1611 619 καί
1624 584 1663 628 τις
1683 551 1748 628 οἶνος
1762 560 1927 627 lismonte·

365 658 423 717 ταῖς
437 652 542 714 λοιπαῖς
553 646 653 715 ίλαίαις
673 644 778 710 ἐναντία
798 645 923 727 elpram.
937 668 1026 705 -ao
1041 644 1129 717 ίῖω-
1174 648 1322 707 Πιωοῦυτο
1336 648 1928 729 νοοοίιιιεΙΙὶγςοτῆςΠαριαυῆς,οιιγ”ιιοάρυιί

364 737 446 797 λευκοί
457 736 557 796 addita
571 757 608 795 ex
619 740 655 793 V.
668 748 697 794 et
711 735 808 793 Snida.
822 768 860 781 -
877 756 912 792 at
938 734 1031 817 χλωραί
1050 737 1131 815 apud
1175 736 1345 795 Strabonem
1361 737 1471 793 mentio
1489 736 1534 806 13,
1548 755 1576 813 p.
1590 738 1658 809 880,
1667 742 1700 810 C,
1714 739 1743 795 in
1759 758 1820 815 quo
1838 750 1928 811 nacto,

365 826 560 885 Aristotelem.
573 843 663 881 -aa
680 822 846 905 συμμέτρους
866 844 925 882 orn.
945 824 1034 883 Paris.
1058 830 1129 903 Reg.
1174 823 1224 901 qui
1248 824 1349 883 vitium
1374 824 1443 882 satis
1467 824 1564 896 ferax,
1586 822 1656 884 urbs
1674 845 1792 903 quoque
1815 824 1927 886 Πιτύεια.

364 913 451 991 Apud
463 910 651 970 Aristotelem
662 907 838 989 συμμέτροις,
856 909 939 967 tibris
956 911 1129 988 quibusdam
1175 912 1253 984 Quin
1271 925 1299 969 ct
1315 918 1491 991 Lampsacus
1506 913 1535 969 iu
1551 914 1720 989 propinquo
1734 915 1788 971 sita
1800 914 1869 971 olim
1883 934 1928 991 ap-

364 999 531 1083 συμμίτρους
544 998 750 1079 praebentibus.
764 1033 796 1045 -
808 1000 846 1055 al
866 997 968 1076 καρπὸν
989 1002 1024 1057 ll.
1043 1005 1079 1059 V.
1094 999 1129 1058 Θ.
1176 1000 1360 1078 pollutionem
1375 999 1477 1058 hahuit
1493 1002 1676 1058 ΙΙιτυοῦσσαν·
1696 1022 1790 1079 ueqne
1809 1004 1928 1078 igmntnn

364 1092 477 1163 Suidus,
493 1110 552 1148 om.
568 1087 819 1162 AldParislleg.
837 1082 1020 1166 paririsius
1040 1086 1129 1168 ὁῊρ.
1175 1102 1218 1145 est
1241 1089 1341 1146 riuum
1369 1093 1617 1165 Lampsacenum
1641 1088 1769 1166 illudque
1797 1088 1928 1166 oppidum

366 1179 544 1239 Aristoteles.
555 1213 586 1225 -
599 1185 635 1245 al
650 1172 792 1232 πλέκονται
806 1174 895 1231 Paris.
912 1178 993 1250 Reg,
1007 1175 1058 1250 qui
1075 1173 1130 1231 ad·
1175 1175 1360 1235 Themistocli
1375 1175 1514 1233 tributum
1527 1178 1563 1242 εἰς
1577 1164 1655 1233 οἶνον.
1667 1177 1762 1235 Multo
1774 1178 1871 1254 plnres
1884 1196 1929 1233 an-

365 1268 439 1325 dnnt
450 1264 501 1333 ἔξω
514 1263 559 1337 δὲ,
573 1265 622 1323 οὖα
636 1260 709 1327 ἐντὸς
721 1262 774 1319 τῶν
786 1258 892 1341 φύλλων
910 1258 967 1339 ἔχει
978 1258 1009 1317 τὸ
1026 1259 1130 1336 λευκόν,
1176 1278 1231 1323 torn
1247 1276 1276 1322 et
1290 1266 1422 1341 regiones
1437 1276 1466 1323 et
1478 1263 1564 1322 nrbes
1579 1284 1615 1322 ex
1631 1267 1716 1344 copia
1730 1266 1852 1343 pinnum
1865 1264 1928 1322 idem

364 1355 469 1413 ceteris
478 1352 600 1411 omissis.
606 1348 721 1409 lilinum
735 1348 848 1406 Suidas.
861 1345 932 1405 locis
944 1349 1059 1406 ll.-25
1070 1347 1130 1427 περὶ
1142 1390 1146 1399 .
1175 1353 1304 1412 induisse
1316 1372 1420 1411 nomen
1435 1364 1557 1411 constat.
1575 1356 1686 1409 Hense.

363 1439 409 1499 τὸν
424 1445 460 1501 G.
476 1440 512 1499 Θ.
528 1438 588 1496 xtd.
607 1434 729 1497 Ἰλισσόν.
746 1441 780 1495 In
796 1436 850 1493 hac
865 1435 1009 1513 scriptura
1025 1436 1130 1495 vitiosa
1217 1442 1284 1517 589.
1299 1445 1361 1499 Hoc
1373 1460 1491 1518 qnoque
1507 1440 1638 1498 scholion
1651 1442 1731 1519 (qno
1752 1454 1830 1498 caret
1853 1442 1928 1499 etiam

363 1528 548 1595 consentiunt
562 1525 629 1583 libri
644 1523 807 1583 Aristotelis
819 1536 848 1581 et
864 1523 977 1582 Snidas.
994 1522 1131 1584 Scriben·
1175 1530 1223 1606 Θ.)
1236 1530 1426 1591 recentissimi
1440 1540 1484 1587 est
1496 1529 1694 1605 grammatici,
1715 1529 1836 1586 fortasse
1850 1530 1929 1607 ipsius

364 1616 432 1674 dunt
451 1635 517 1673 cum
528 1610 1131 1689 Ηοιιιοῑ.ἜλίσσοντνοΙροιίιιοἜλίσσονα,
1175 1620 1305 1691 Musoni,
1329 1618 1435 1676 utalia
1458 1615 1632 1693 hujusmodi.
1664 1621 1816 1695 sumptum
1842 1630 1927 1674 autent

364 1724 451 1781 quem
472 1702 595 1762 fluvium
617 1702 647 1758 in
666 1700 808 1778 Alpheum
829 1698 950 1757 influere
968 1712 1081 1757 constal
1095 1718 1131 1757 ex
1176 1708 1330 1765 inanimam
1351 1718 1462 1785 partem
1476 1716 1568 1762 estex
1593 1705 1743 1763 Eustathio
1760 1704 1796 1762 ad
1822 1710 1928 1763 Homer.

364 1794 506 1854 Pausania
521 1811 549 1863 a,
568 1810 613 1863 ra,
629 1810 659 1862 a,
672 1789 723 1847 ubi
737 1785 871 1847 Ἑλισσών
887 1786 1025 1845 scribitur
1039 1785 1130 1855 ὀξυτό-
1175 1816 1205 1874 p,
1224 1798 1289 1853 125.
1314 1801 1406 1854 Dino.
1430 1796 1538 1872 Regius
1553 1795 1612 1852 haec
1627 1816 1634 1851 ε
1649 1794 1690 1854 Ti
1709 1792 1796 1873 λήροις
1816 1818 1835 1865 η
1856 1794 1928 1874 γράρτ

364 1901 423 1945 νιος.
438 1876 571 1937 ‘Elisson
582 1873 600 1946 ἢ
612 1874 730 1933 Ἕλισσα
744 1886 863 1931 vocatur
880 1873 918 1931 ab
937 1873 1082 1933 Strabone
1096 1877 1129 1951 81,
1175 1880 1220 1941 καὶ
1235 1884 1272 1961 μὴ
1286 1882 1422 1963 δίφθογγον
1434 1927 1443 1958 γ
1457 1879 1600 1949 digniorem(
1608 1879 1816 1959 τινιςγλέγογῃς
1829 1884 1866 1950 ὡς
1880 1884 1928 1939 λεγ.

365 1986 394 2045 p.
410 1965 477 2023 338.
502 1970 592 2023 Dltln.
609 1959 908 2041 σταδίους-ἰάχουσα
931 1981 990 2020 om.
1016 1963 1129 2021 suidas.
1176 1970 1238 2050 ρίοις
1254 1961 1302 2043 ἦν,
1325 1969 1384 2041 ἤτοι
1401 1968 1510 2047 ἄνθεσι,
1534 1965 1580 2027 καλ
1602 1966 1671 2026 κατὰ
1698 1967 1832 2045 monde
1848 1966 1928 2047 γε’γονς

364 2052 472 2113 σταδίου
490 2058 525 2111 tt.
546 2055 595 2122 V,
611 2070 670 2107 non
684 2051 719 2110 Θ.
741 2074 754 2100 ι
769 2047 917 2119 ‘Elisseae
939 2050 1026 2107 etiam
1052 2049 1130 2128 apud
1175 2057 1279 2139 λάροις,
1293 2059 1372 2139 λῆρος
1384 2054 1465 2137 γὰρὴ
1480 2055 1605 2138 ρλυσρίσ.
1630 2052 1702 2132 llys
1717 2054 1745 2113 dl
1766 2058 1875 2115 omma
1890 2057 1928 2115 τὀι

364 2143 559 2202 Aristotelem.
571 2144 604 2198 ln
617 2139 777 2197 stadiorum
787 2156 910 2195 numero
921 2137 1046 2195 liniendo
1058 2138 1130 2196 mul·
1176 2143 1305 2213 ἐξὶλαίας
1330 2143 1457 2225 στέφανον
1481 2146 1582 2223 λῆρον,
1605 2145 1641 2209 ὡς
1654 2144 1752 2224 ραῦλου
1773 2142 1817 2201 καὶ
1838 2144 1928 2209 eluvie

365 2243 426 2289 illm
441 2228 605 2289 abitschol.
621 2227 769 2286 Theocriti
787 2234 816 2298 h,
833 2246 848 2298 7
866 2246 873 2283 :
888 2227 1011 2301 ἀγνοοῦσι
1030 2222 1077 2298 δὲ,
1091 2224 1131 2284 ὅτι
1176 2232 1344 2301 tigrem-..16
1359 2232 1575 2315 ἐχρλαυρίζισθαγ
1594 2237 1746 2291 Kusterus,
1771 2233 1928 2313 ἐχφλυαγγίζς.

365 2308 438 2384 οὗτοι
450 2321 475 2395 (ὁ
489 2314 673 2394 Ὀλυμπιοκλι
686 2312 823 2394 στέφανοι)
839 2314 870 2371 ἐκ
884 2315 931 2383 τῆς
944 2310 1130 2383 καλλιστοῦιῆ
1176 2326 1235 2381 σθαι
1247 2323 1309 2381 xtd.
1320 2366 1350 2375 ..
1363 2325 1399 2381 35
1412 2321 1445 2380 δι’
1454 2319 1517 2379 ὅλου
1529 2319 1659 2397 σώματος.
1670 2320 1755 2393 lttud,
1765 2321 1876 2399 opinor,
1888 2340 1927 2377 vo

364 2404 574 2487 ταλλιοτιφάνου
589 2399 1132 2481 ἰλοίοιγενάμνοιδίδοται,ἥτιιᾶπὲχει
1177 2412 1229 2468 Ιυίι
1252 2411 1434 2483 scholiastes,
1452 2410 1568 2469 luciam
1590 2408 1742 2467 candidam
1768 2428 1827 2467 non
1850 2410 1927 2489 capiri

364 2492 478 2553 σταδίων
495 2490 578 2565 ὀκτὼ,
593 2488 629 2557 ὥς
642 2513 721 2571 φησιν
734 2485 923 2569 Ἀριστοτέλης.
939 2491 1019 2562 Quin
1034 2502 1132 2549 antem
1177 2510 1288 2556 orntum
1304 2498 1562 2569 circumvolutam,
1578 2496 1627 2553 sed
1641 2516 1821 2573 quacumque
1833 2516 1927 2573 corpo

365 2580 413 2639 hic
421 2581 588 2640 scholiastes
597 2598 632 2637 ex
640 2578 796 2637 Aristotele
805 2576 1056 2650 sitemeodandns,
1067 2578 1131 2637 ideo
1177 2589 1215 2647 ris
1230 2600 1313 2665 parte
1325 2586 1535 2663 adstringatur,
1550 2584 1608 2642 diei
1621 2584 1752 2643 diadema
1773 2583 1927 2659 :quomodo

364 2689 423 2727 ¹¹⁰n
435 2667 551 2727 dubitat
564 2673 726 2737 Κΰθῑθῑῦθι
743 2665 824 2743 (111οἆ
837 2663 963 2736 ἶίῆκθντα
983 2666 1071 2723 ellam
1089 2666 1131 2723 ¹0·
1177 2676 1315 2754 Pompeio
1330 2675 1379 2732 tali
1396 2672 1483 2732 fascia
1499 2693 1565 2731 crus
1579 2673 1725 2749 alligatum
1745 2670 1859 2729 habenti
1881 2676 1928 2729 Fa—

364 2770 450 2837 gatnr
459 2757 536 2836 apud
550 2755 733 2813 scholiastam
743 2754 954 2831 Aristophanis.
972 2754 1045 2811 Mihi
1063 2774 1130 2811 sen·
1176 2764 1297 2833 popius,
1309 2766 1371 2820 Νοη
1382 2760 1477 2837 msere,
1490 2762 1635 2839 inquiens,
1649 2782 1705 2835 qua
1716 2768 1744 2815 tn
1751 2774 1832 2837 parre
1840 2781 1926 2834 σοφο-

365 2846 455 2903 lenti&
468 2845 554 2923 longe
566 2844 621 2901 All!
633 2842 712 2901 §ellel
727 2866 734 2901 :
751 2856 782 2901 ui
797 2844 874 2900 enlm
888 2842 1037 2900 Theocrill
1049 2844 1130 2899 seht)-
1176 2854 1423 2926 rissitdiadema,
1440 2849 1533 2927 regias
1549 2850 1625 2906 vires
1643 2844 1844 2925 exprobravit,
1866 2858 1929 2903 teste
2015 2900 2016 2905 γ

365 2932 454 2991 llaslffl
462 2950 546 2991 strum
554 2928 625 2989 dard>
633 2929 759 2989 libenter
768 2930 911 3007 relinquo,
920 2928 961 2987 Sic
972 2930 1131 2987 stadiorum
1177 2940 1269 2999 Vaicr,
1283 2938 1398 2999 Maxim,
1415 2941 1443 3010 6ι
1460 2956 1488 3008 2,
1504 2958 1529 3009 ιγ,
1549 2934 1696 3014 Ἆγαδίσμη
1713 2934 1789 3013 apud
1803 2935 1927 2994 suidam:

364 3038 517 3079 numerum
531 3020 561 3077 in
571 3032 672 3077 nostro
683 3031 770 3096 atque
780 3018 932 3076 Aristotele
943 3018 1034 3093 magis
1047 3018 1131 3075 etiam
1176 3033 1306 3087 Damaso,
1317 3028 1347 3085 in
1360 3026 1443 3084 phot.
1457 3024 1593 3083 Biblioth.
1610 3044 1638 3101 p.
1657 3024 1709 3081 561
1727 3065 1735 3093 ,
1756 3023 1802 3092 35,
1815 3022 1927 3080 insuls-

364 3110 550 3167 imminutum
580 3108 676 3166 velim.
700 3105 842 3185 Equidem
864 3106 947 3165 valde
968 3106 1038 3163 mihi
1060 3124 1131 3182 per·
1176 3113 1242 3190 μέση
1256 3110 1304 3185 τὴν
1318 3109 1435 3193 κεφαλὴν
1448 3108 1599 3191 ἀναδίομῃ·
1613 3117 1759 3187 γυναικεῖος
1767 3110 1811 3177 τῆς
1824 3108 1927 3187 κεφαλῆς

364 3287 473 3346 rocula
488 3287 584 3366 prima
604 3286 686 3343 litera
706 3304 795 3361 ιγιιιιιτι
816 3284 893 3341 lorte
911 3284 1096 3356 evanuisset,
1120 3280 1132 3350 ξ
1177 3300 1261 3347 ratur,
1278 3292 1390 3346 flesse,

364 3394 420 3453 pro
433 3376 547 3433 numeri
561 3374 644 3451 siguo
659 3373 713 3430 luit
722 3385 890 3450 acceptum,
906 3384 934 3428 et
947 3372 1062 3449 peperit
1072 3369 1133 3441 liri-
1218 3378 1275 3453 590
1287 3396 1343 3435 om,
1355 3377 1441 3433 etiam
1456 3376 1492 3435 Θ,
1504 3380 1575 3453 Reg,
1586 3418 1623 3431 ...
1637 3384 1675 3451 49
1688 3394 1734 3451 sq,
1745 3364 1782 3439 οἷς
1793 3370 1925 3438 ἐλπίζουσιν

363 3486 454 3522 κοντα.
467 3467 531 3522 Jatn
541 3464 565 3521 si
582 3482 616 3521 ex
630 3462 798 3540 propinquo
810 3472 938 3537 notoque
949 3461 1016 3517 loco
1036 3460 1133 3517 deter-
1176 3464 1218 3523 ἐπ’
1240 3463 1317 3523 αὗταί.
1339 3468 1406 3523 Huc
1421 3464 1578 3523 christiani
1598 3464 1724 3522 hominis
1749 3462 1882 3539 ingenium
1896 3479 1927 3516 se

364 3550 501 3609 minanda
511 3550 548 3609 sit
564 3549 682 3607 oleastri
694 3549 842 3625 Olympici
856 3550 955 3621 sedes,
971 3561 1067 3605 utram
1079 3559 1133 3605 sta·
1176 3554 1282 3630 stylum
1297 3552 1444 3623 redolent,
1456 3572 1520 3629 quae
1531 3550 1599 3609 olibi
1612 3571 1730 3628 quoque
1741 3596 1750 3624 ,
1763 3548 1864 3609 tametsi
1883 3548 1925 3605 lo-

363 3639 479 3698 diorum
507 3638 747 3715 designationem
783 3636 966 3693 commodius
999 3636 1133 3694 instituto
1177 3662 1227 3699 cns
1242 3660 1301 3698 non
1322 3653 1487 3711 succurrat,
1511 3660 1556 3697 me
1573 3640 1675 3716 legisse
1696 3640 1819 3699 utemini.
1838 3643 1925 3694 Poste-

364 3726 541 3807 respondere
558 3728 652 3796 dicas,
670 3746 720 3784 sex
734 3744 770 3783 an
785 3725 951 3802 sexaginta?
963 3744 1026 3783 eam
1044 3726 1133 3783 ratio·
1178 3730 1254 3787 riora
1268 3728 1431 3787 claudicant
1446 3728 1570 3785 :vitium
1585 3727 1748 3797 sustuleris,
1772 3726 1795 3783 si
1815 3722 1923 3792 scribas,

364 3838 430 3875 nem
451 3817 547 3893 quiris
571 3816 671 3889 lacile,
688 3814 734 3873 vel
752 3832 798 3871 me
821 3826 953 3885 tacente,
975 3814 1132 3892 collegerit.
1177 3810 1214 3885 οἷς
1230 3818 1419 3887 ὶπιλπίζουσι,
1436 3816 1501 3889 vel,
1517 3813 1557 3873 du
1569 3861 1578 3888 ,
1592 3816 1652 3873 sive
1666 3812 1727 3872 ὅσον
1742 3813 1876 3880 Βιτίζοισιν
1888 3808 1924 3867 ἐτ’

364 3911 474 3963 lister.
491 3909 537 3963 τοῦ
555 3908 677 3980 ποταμοῦ
695 3902 771 3975 ΔΙιί,
790 3914 823 3959 nt
842 3901 920 3979 apud
939 3904 1132 3961 Aristotelem.
1178 3904 1256 3965 αὐτοί.
1272 3912 1377 3963 Sensus
1389 3918 1448 3979 est,
1463 3902 1598 3985 περίαπτα
1612 3906 1677 3970 dici,
1697 3904 1773 3977 quod
1786 3908 1818 3957 iis
1828 3920 1922 3975 appen-
2012 3952 2013 3963 ,

364 4028 404 4040 -
414 4012 451 4067 27
464 3991 646 4051 scribebatur
658 3988 767 4069 θίγοντι.
778 4022 814 4033 -
824 4010 862 4066 ²9
875 4005 904 4047 et
914 3993 1064 4068 sequentia
1075 4011 1134 4051 om.
1175 4000 1214 4051 sis
1224 3998 1295 4051 mall
1307 3993 1360 4050 st'bi
1372 3995 1570 4069 persuadeant,
1585 3995 1722 4048 remelius
1735 3988 1882 4057 lmbitums5
1891 3992 1923 4041 sic

363 4083 452 4141 etiam
475 4082 509 4141 Θ.
524 4113 563 4123 -
584 4082 620 4137 32
647 4077 783 4136 Gelenius
801 4078 1056 4159 καταρρητορευθείς.
1076 4080 1133 4139 Sed
1178 4097 1208 4138 ut
1217 4089 1270 4159 ipsi
1273 4088 1367 4158 potiris
1380 4083 1491 4137 dicendi
1502 4086 1560 4137 sint
1569 4100 1607 4135 er
1621 4082 1675 4134 illis
1681 4076 1804 4154 pendere
1811 4118 1820 4145 ,
1834 4082 1858 4131 in
1870 4080 1920 4149 qui·
2012 4096 2013 4113 ι

364 4164 602 4251 ααταρρητορεύσει
622 4170 662 4225 ita
678 4166 816 4243 explicari
835 4179 931 4245 potest
946 4188 953 4223 ι
967 4188 1034 4224 unm
1048 4170 1133 4243 figu-
1179 4170 1228 4227 bus
1239 4190 1315 4245 spem
1325 4190 1473 4245 prosperet
1484 4166 1840 4239 noleuuliuisautfhrmnre
1853 4164 1919 4218 collo

364 4280 426 4315 rans
451 4265 532 4315 istum
558 4257 877 4326 Clrrrmylusoratoriam
907 4258 1036 4313 adversus
1056 4260 1134 4313 Pau-
1177 4273 1261 4314 cent:
1276 4258 1352 4325 sive,
1366 4262 1432 4332 quia
1445 4276 1521 4333 spem
1537 4259 1634 4313 salutis
1642 4261 1671 4311 in
1686 4260 1720 4311 iis
1733 4254 1850 4311 habeam
1860 4270 1920 4325 repo
2011 4264 2012 4323 t

361 4360 499 4423 pertatem
522 4342 708 4421 intorpueblt,
742 4357 770 4400 ct
792 4358 938 4420 superatus
966 4347 1069 4401 dicet:
1093 4345 1134 4403 sic
1177 4353 1268 4402 situm.
1289 4350 1332 4402 De
1355 4343 1509 4425 περιάττοις
1531 4356 1650 4415 antem,
1677 4362 1801 4421 quorum
1825 4338 1919 4397 virtutis
2011 4336 2012 4353 ¹

364 4448 461 4494 antem
482 4434 609 4511 intellige
623 4435 690 4505 ,τῆς
713 4430 826 4499 Πενίας·
845 4432 890 4490 sio
912 4446 1047 4510 quartum
1082 4454 1132 4505 ca·
1178 4434 1278 4511 opinio
1291 4432 1587 4509 Christianaeqnoque
1600 4429 1695 4509 plebis
1709 4428 1812 4486 animis
1824 4426 1918 4483 alteia·
2011 4458 2012 4475 ι

365 4544 426 4581 sum
438 4522 603 4593 addideris,
622 4520 861 4603 καταρρητοραιίσει
877 4519 924 4595 τὴν
945 4523 1063 4597 Πενίαν,
1083 4545 1133 4582 ca·
1178 4523 1312 4592 haeserat,
1327 4520 1396 4599 quid
1418 4520 1582 4578 censuerint
1595 4523 1712 4589 Patres,
1733 4528 1872 4596 exponunt
1889 4516 1917 4572 ls.

365 4613 503 4688 piendum
522 4612 578 4669 erit
595 4611 650 4667 hoc
665 4622 750 4688 parto
767 4610 898 4669 :artibus
920 4623 950 4669 et
969 4630 1051 4670 more
1065 4632 1133 4671 ora·
1178 4601 1914 4687 Casaub.adSpartian.Caracall.p.131‚Lindenbr.
2010 4602 2011 4615 ¹

366 4713 461 4757 torum
474 4700 589 4757 Peniam
604 4698 730 4774 depellet
740 4719 773 4757 ac
788 4698 906 4775 rejiciet.
923 4704 1035 4757 Hense.
1050 4742 1082 4752 -
1096 4702 1133 4769 48
1178 4700 1314 4757 adAmm.
1326 4695 1455 4755 Marcell.
1474 4716 1519 4771 19,
1534 4716 1563 4775 p.
1575 4695 1642 4766 251,
1652 4699 1712 4753 lac.
1727 4688 1879 4751 Gotbolred
1888 4686 1916 4743 ad

367 4809 410 4866 sq.
426 4786 495 4847 οὕτω
509 4786 555 4847 καί
569 4808 607 4853 τις
626 4786 662 4845 n.
678 4789 809 4845 Eustath.
827 4787 863 4845 ad
877 4788 997 4866 Dionys.
1018 4788 1131 4867 Perieg.
1178 4778 1211 4847 L'.
1234 4790 1250 4846 3
1271 4792 1303 4845 C.
1323 4785 1378 4844 Th.
1398 4783 1435 4843 de
1460 4784 1530 4843 Mal.
1552 4795 1581 4841 et
1604 4782 1744 4841 Mathem.
1770 4784 1800 4837 ln
1812 4776 1913 4836 Constit.

366 4896 394 4933 r,
409 4877 477 4949 463,
488 4874 539 4933 uhi
553 4874 640 4933 ducta
651 4875 808 4934 locornma
824 4876 933 4953 plantis
942 4874 1134 4935 arhorihusre
1177 4882 1279 4957 Apost.
1292 4875 1321 4947 8,
1333 4874 1380 4943 3ο,
1394 4886 1509 4931 cautum
1522 4883 1574 4945 est,
1585 4890 1643 4948 qua
1654 4862 1914 4945 conditionemptiu·

367 4963 482 5023 nomina
492 4975 632 5039 recenset,
644 4964 712 5023 dnm
724 4964 782 5023 lere
795 4976 925 5022 nostrum
936 4978 1132 5024 enarratorem
1178 4986 1250 5044 ματα
1264 4963 1363 5034 ποιῶν,
1383 4960 1502 5038 ejusque
1522 4958 1622 5017 larinas
1643 4958 1691 5015 alii
1704 4955 1739 5015 ad
1761 4953 1912 5047 baptismum

366 5050 505 5111 exscribit
520 5050 592 5128 [imo
605 5051 758 5111 scholiasta
770 5054 953 5113 Eustathiuut
967 5054 1130 5131 exscripsit.
1177 5052 1291 5112 admitti
1307 5050 1443 5129 debeant.
1463 5044 1645 5128 lltproipparn
1663 5064 1733 5103 vem
1751 5053 1826 5109 sunt,
1847 5050 1874 5094 nt
1886 5054 1910 5095 ns

367 5140 488 5219 Dioni,
506 5141 568 5199 haec
586 5146 695 5214 tumen,
715 5144 744 5200 in
770 5141 877 5222 quibus
896 5141 1003 5222 aliquid
1024 5143 1134 5203 haerere
1177 5142 1283 5201 Lexico
1295 5138 1387 5198 veteri
1400 5138 1461 5195 Ms.
1474 5144 1520 5216 ap.
1539 5140 1667 5211 Ducang.
1686 5132 1866 5211 explicantur,
1883 5124 1911 5183 ri

369 5226 430 5289 ritti
451 5229 635 5291 mauifesturu
655 5244 713 5305 est,
729 5234 833 5291 omisit.
856 5237 991 5309 Auguror
1010 5233 1130 5290 interci-
1176 5226 1313 5294 κατὰτοίις
1330 5224 1493 5306 τραχήλους,
1508 5226 1553 5283 καὶ
1568 5220 1613 5288 τὰς
1633 5229 1736 5302 χεῖρας,
1750 5216 1791 5277 καί
1808 5212 1856 5277 soit
1868 5216 1907 5275 πό-

231 3252 245 3277 ,
363 3198 486 3268 suadeo,
502 3219 519 3255 a
535 3196 711 3275 philosopho
724 3197 838 3255 venisse
850 3192 1031 3267 σταδίουςὲξ,
1051 3195 1133 3270 cujus
1176 3199 1554 3278 indisspoeapudEtymol,
1570 3200 1619 3276 qui
1635 3200 1676 3255 sic
1690 3194 1785 3277 μίτραν
1799 3198 1926 3274 interpre·
2014 3280 2015 3293 γ
