4100 6109
334 354 387 405 ¹⁰2
910 336 1100 395 SCHOLIA
1129 335 1172 393 IN
1203 335 1358 395 PACEM.

332 472 426 557 πατρί,
440 470 509 533 άλλδ
520 471 566 531 καί
582 470 706 553 ῥίψασπις
722 460 762 540 ἦν.
774 466 808 527 τδι
827 464 872 527 δύο
884 458 928 527 οθν
946 468 1017 546 αὐτῷ
1033 488 1115 547 προσ·
1161 494 1172 516 ι
1189 466 1341 547 φιλοκερδὴς
1354 465 1385 526 οὔ
1404 467 1463 525 ποτ’
1480 460 1512 539 ἦν
1534 470 1586 530 οὔδ’
1599 467 1715 549 ἐργάτις,
1729 469 1783 528 οὐδ’
1801 469 1930 549 ἐπέρναντο

333 561 459 645 τρίόεται.
1161 556 1308 632 «γλυκεῖαι
1325 554 1387 614 ποτί
1407 554 1574 637 Τερψιχόρας
1597 560 1788 639 ἀργυρωθεῖσαι
1811 557 1929 640 πρόσωπα

373 671 421 712 στα.
442 648 634 725 άποόολιμαῑος
655 642 750 723 ιἍμα
765 644 811 705 καὶ
831 667 869 703 πα
888 641 905 701 δι
924 642 954 701 τὸ
973 640 1116 701 ἀποόαλεῑν
1161 668 1173 692 ι
1189 641 1390 721 μαλθακόφωνοι
1399 642 1495 701 σἰοιδαί.
1510 642 1683 721 ν)τδμέντοι
1693 644 1755 725 ττερί
1764 645 1881 704 κιόωτῶν
1893 650 1931 705 ἔτί
1988 675 1989 718 3

334 738 368 798 τδ
381 737 450 797 δπλα
457 782 465 809 ,
475 735 520 796 καί
534 733 607 815 παρὰ
621 732 650 792 τὸ
663 732 850 809 ὓποόολιμαῖος
862 666 937 789 εδναι.
1163 728 1312 805 Σιμωνίδυι
1325 729 1475 808 λεγόμενον,
1487 728 1528 789 ὅτι
1538 731 1736 811 παρακειμένας
1748 723 1804 813 εἶχε
1818 733 1876 806 δύο,
1891 736 1932 808 τήν
1988 749 1989 752 ’

308 848 321 884 ο
375 847 424 887 σου.
446 822 528 903 (ὅστις
541 819 669 903 κρατύνει.
682 826 729 879 τοῦ
740 819 813 879 λίθου
821 818 860 897 δέ)
868 818 926 876 δντί
935 822 981 876 τοῦ
991 815 1117 897 βήματος.
1162 812 1310 892 μίνκενήν,
1323 814 1371 888 τήν
1386 816 1414 875 δὲ
1427 816 1659 895 μεστ)ν,καίτὴν
1672 819 1811 896 μένκ.·νι)ν
1829 822 1951 901 χαρίτων,

335 914 405 981 ὅστις
414 918 458 971 νῦν
469 910 552 970 διέπει
566 909 599 968 τδι
611 914 658 981 τῆς
672 908 804 976 πολιτείας
815 906 859 966 καί
874 904 1021 985 διαπρέπει.
1031 903 1118 962 πύκνα
1162 901 1250 982 ἐλεγεν
1264 894 1330 963 εἶναι
1343 903 1484 985 γνώριμον,
1494 904 1565 977 πλὴν
1576 912 1653 965 τοῦτο
1663 906 1734 985 λέγοι
1744 889 1933 989 περιφερόμενον

336 1002 364 1061 δι’
379 1024 443 1083 φησι
457 996 487 1057 τδ
502 1002 528 1058 ἐν
540 1024 573 1078 τη
588 996 693 1075 Ἀττικῇ
709 994 884 1077 δικαστήριον.
896 1006 926 1053 R.
939 1005 971 1050 V.
1163 991 1320 1070 εὑρίσκεται.
1335 994 1393 1051 καθ’
1407 992 1524 1074 ἱστορίαν
1537 992 1589 1074 γδιρ
1602 994 1686 1062 οὐδεὶς
1699 995 1812 1077 εἴρηκεν.
1871 995 1933 1074 (Ἄλ-

375 1112 424 1151 εον.
447 1086 609 1168 Ὑπέρόολος
619 1092 663 1144 νῦν
673 1107 680 1145 :
692 1082 757 1145 ῑὈτι
766 1082 834 1162 μετδι
843 1082 887 1141 τὸν
899 1081 1009 1143 Κλέωνα
1021 1076 1119 1161 Ὑπέρ-
1162 1079 1234 1157 λαις.)
1249 1082 1263 1137 ὁ
1278 1080 1428 1155 Σιμωνίδης
1440 1080 1595 1152 διεόέόλητο
1606 1081 1650 1141 ἐπὶ
1661 1083 1834 1164 φιλαργυρία.
1847 1085 1890 1143 καί
1898 1088 1935 1143 τόν

338 1178 412 1245 όολος
424 1173 619 1237 ἐπολιτεύσατο.
633 1172 780 1255 (Χρέμητος
790 1170 818 1231 δέ
833 1170 886 1238 υίδς
899 1160 930 1243 ἦν
944 1164 1119 1249 Ὑπέρόολος,
1165 1164 1302 1247 Σοφοκλέα
1316 1157 1360 1225 οθν
1374 1166 1418 1225 διδ
1432 1168 1605 1251 φιλαργυρίαν
1620 1169 1732 1239 ἐοικέναι
1746 1175 1785 1252 τιῖι
1802 1172 1934 1251 Σιμωνίδῃ.

301 1280 324 1318 Ιθ
337 1266 448 1347 οἰδελφδς
462 1263 489 1323 δέ
504 1264 643 1345 Χάρωνος,
658 1259 843 1341 λυχνοπώλης,
860 1260 958 1341 φαῦλος
978 1257 1037 1325 τοθς
1056 1257 1119 1334 τρό-
1139 1258 1144 1277 ’
1164 1252 1269 1332 λέγεται
1283 1252 1311 1313 δέ
1323 1256 1368 1313 καὶ
1379 1255 1420 1314 ὅτι
1433 1258 1464 1314 ἐκ
1475 1260 1521 1326 τῆς
1534 1257 1694 1339 στρατηγίας
1706 1262 1753 1329 τῆς
1766 1262 1796 1319 ἰν
1808 1260 1891 1340 Σάμῳ
1901 1266 1937 1342 ἦρ
1948 1292 1965 1325 ιι
1989 1255 1990 1258 “

336 1378 409 1421 πους.
425 1344 499 1417 οὗτος
517 1349 585 1429 μετά
598 1347 646 1421 τήν
660 1354 707 1407 τοῦ
723 1345 843 1413 Κλέωνος
861 1343 1014 1404 δυναστείαν
1037 1340 1120 1401 διεδί-
1165 1340 1298 1422 γυρίσατο.
1315 1341 1473 1423 (χαριέντως
1491 1342 1602 1404 δέπάνυ
1616 1348 1654 1426 τῷ
1668 1348 1741 1426 αὐτῷ
1758 1346 1831 1428 λόγῳ
1850 1348 1937 1429 δρψ
1989 1377 1990 1380 ,

338 1441 399 1508 ξατο
412 1438 459 1510 τὴν
481 1430 664 1517 δημάγωγίαν.
680 1434 724 1493 ἀπ’
745 1434 822 1493 αὐτοῦ
839 1430 867 1492 δέ
885 1432 990 1514 πρώτου
1009 1430 1121 1513 ἤρξαντο
1139 1454 1144 1507 γ
1166 1433 1183 1508 β
1186 1474 1317 1490 .....
1338 1435 1384 1489 τοῦ
1396 1430 1571 1509 ἰαμόοποισῦ,
1586 1434 1631 1491 καί
1642 1433 1779 1510 μέμνηται
1789 1433 1831 1493 δτι
1841 1458 1938 1514 σμικρο

338 1530 469 1600 Ἀθηναῖοι
488 1525 595 1609 φαύλοις
614 1520 787 1603 παραδιδόναι
801 1520 848 1593 τὴν
862 1521 938 1581 πόλιν
952 1519 997 1579 καί
1010 1519 1058 1591 τήν
1071 1520 1120 1590 δη·
1164 1515 1240 1596 λόγος
1248 1508 1363 1589 Mem
1375 1507 1528 1598 Ξενοφάνης
1536 1519 1650 1599 κίμδικα
1659 1521 1738 1581 αὐτὸν
1752 1523 1937 1604 προσαγορεύει.
1989 1577 1990 1580 ,

340 1614 488 1695 μαγωγίαν,
506 1612 633 1696 πρότερον
655 1606 882 1691 δημαγωγούντων
901 1608 970 1667 πάνυ
990 1611 1121 1689 λαμπρῶν
1166 1604 1211 1662 καί
1223 1602 1361 1685 Σοφοκλέα
1372 1604 1418 1663 καί
1433 1604 1584 1682 Σιμωνίδην
1597 1606 1713 1688 διέσυρεν
1725 1611 1762 1675 ὠς
1771 1609 1937 1689 μικρολόγους.

301 1716 325 1754 ¹⁵
339 1706 464 1763 πολιτῶν.
477 1700 612 1783 προείλετο
624 1698 651 1757 δέ
661 1697 720 1765 τοθς
732 1696 861 1764 τοιούτους
873 1700 886 1756 ὁ
898 1696 992 1773 δῆμος,
1003 1698 1121 1753 ἀπιστῶν
1166 1689 1235 1749 άλλδ
1248 1691 1351 1768 μήποτε
1365 1691 1450 1751 ἐδόκει
1470 1695 1608 1775 Σοφοκλῆς
1625 1695 1686 1775 περ)
1705 1694 1767 1763 τοὺς
1783 1696 1888 1773 μισθοὺς
1903 1699 1939 1756 καὶ
1950 1724 1966 1760 ο

339 1790 382 1849 διδ
394 1790 507 1868 πόλεμον
519 1788 563 1848 τὸν
575 1786 641 1868 πρδς
651 1783 874 1862 Λακεδαιμονίους
885 1792 938 1850 τοῖς
950 1781 1059 1850 ἐνδόξοις
1070 1783 1123 1839 τῶν
1165 1776 1212 1846 τδις
1224 1778 1347 1856 νεμήσεις
1360 1778 1409 1861 δψέ
1421 1803 1486 1839 ποτε
1502 1778 1698 1864 φιλοτιμότερος
1710 1783 1866 1860 γεγονέναι.)

338 1880 462 1948 πολιτῶν,
477 1873 514 1952 μν)
533 1874 582 1947 τήν
594 1872 775 1953 δημοκρατίαν
788 1871 974 1931 καταλύσαιεν.
990 1868 1121 1949 ἐξωστρα-
1206 1888 1255 1943 σοιν.
1278 1862 1361 1947 γέρων
1375 1864 1411 1925 ὠν
1429 1888 1436 1927 :
1458 1868 1588 1950 (Ἀρχαῖος
1600 1869 1646 1929 καί
1663 1870 1786 1938 παλαιός.
1800 1863 1854 1930 οἷον
1866 1874 1940 1953 γηρά-

340 1964 416 2036 κίσθη
428 1962 455 2022 δέ
469 1956 556 2035 οὗτος,
568 1964 598 2020 οθ
611 1958 653 2019 διδ
666 1959 800 2037 δυνάμεως
811 1958 890 2041 φόθον
902 1958 947 2017 καί
963 1955 1122 2034 ἀξιώματος,
1167 1976 1215 2021 σας
1228 1953 1385 2035 φιλάργυρος
1396 1954 1515 2036 ἐγίνετο.)
1530 1991 1569 2037 -.
1584 1956 1651 2035 μετδ
1667 1957 1738 2029 τά(
1755 1958 1803 2031 ἐτη
1819 1958 1938 2040 βεόίωκεν.

340 2051 409 2111 ἀλλά
422 2051 465 2111 διά
476 2048 604 2130 πονηρίαν
619 2047 665 2107 καί
677 2047 804 2128 αἰσχύνην
816 2050 862 2117 τ’ής
874 2044 984 2112 πόλεως.
997 2047 1024 2104 ἐν
1037 2042 1123 2125 Σάμῳ
1167 2044 1223 2107 πῶς
1236 2032 1280 2100 οδν
1294 2041 1392 2123 γέρων,
1407 2055 1437 2102 R.

299 2162 326 2201 νο
340 2138 367 2199 δέ
382 2138 532 2220 διατρίβων,
547 2137 599 2196 ὑπὸ
608 2140 660 2196 τῶν
671 2136 812 2209 Ἀθηναίων
822 2138 922 2215 ἐχθρῶν
934 2132 1124 2198 ἐπιόουλευθείς
1206 2150 1256 2190 σου.
1285 2129 1334 2189 κδν
1356 2132 1400 2190 ἐπὶ
1421 2132 1494 2213 ριπδς
1518 2134 1595 2193 πλέοι
1619 2156 1626 2195 :
1651 2133 1719 2195 Ἀντί
1739 2139 1786 2193 τοῦ
1809 2134 1966 2216 φρυγάνω,·,ν,
1990 2197 1991 2200 ¹

339 2226 466 2299 ἀπέθανε,
488 2226 534 2285 καί
553 2224 597 2284 τδν
618 2223 708 2304 νεκρόν
724 2226 805 2283 αὐτοῦ
828 2225 864 2289 εἰς
887 2221 984 2281 σάκκον
1001 2219 1125 2301 βαλόντες
1168 2216 1280 2299 (ψιάθου.
1298 2217 1401 2297 λέγοιτο
1419 2220 1441 2279 δ’
1462 2220 1494 2279 διν
1508 2220 1552 2280 ἐπί
1570 2222 1727 2303 φιλοκερδεῖ.
1743 2222 1848 2301 λέγεται
1867 2221 1939 2282 δὲκαὶ

340 2314 448 2396 ἔρριψαν
460 2316 495 2380 εἰς
507 2312 536 2371 τδ
546 2312 682 2389 πέλαγος.)
1168 2306 1255 2372 ἄλλως
1268 2334 1281 2357 ι
1300 2312 1359 2365 θεοῦ
1378 2306 1494 2376 θέλοντος
1507 2307 1557 2369 κδν
1575 2309 1619 2369 ἐπί
1638 2309 1712 2391 ριπδς
1724 2309 1825 2378 πλέοις.
1838 2340 1850 2361 ·
1864 2310 1904 2392 ψίψ
1918 2312 1940 2369 δ’

379 2424 429 2463 αντ.
448 2402 598 2481 περιάγειςε
610 2396 814 2479 Ἀποστρέφεται
822 2394 958 2456 ἀκούσασα
970 2400 1016 2455 τοῦ
1028 2394 1125 2473 Ὑπερ
1169 2396 1239 2453 ἐστιν
1253 2396 1398 2471 ἰμαντῶδες
1408 2396 1497 2477 φυτὸν,
1510 2395 1585 2475 παρδι
1595 2395 1624 2456 τδ
1636 2396 1708 2478 ρέπω
1720 2396 1771 2481 ρέψ
1780 2398 1827 2458 καί
1841 2398 1895 2479 ρι’ψ,
1904 2403 1939 2457 καί

340 2490 417 2551 βολον
435 2488 466 2549 τδ
484 2488 567 2566 ὄνομα
581 2490 598 2557 ἡ
615 2486 728 2567 Εἰρήνη,
749 2488 906 2565 οἰχθεσθεῖσα
927 2484 968 2543 ἐπ’
984 2485 1072 2564 αὐτῷ,
1084 2482 1125 2541 δτι
1170 2482 1257 2565 ρίπεσι
1270 2488 1323 2547 τοῖς
1336 2486 1383 2553 τῆς
1396 2482 1467 2551 ἰτέας
1482 2484 1606 2562 κλάδοις.)

300 2592 326 2630 25
341 2578 386 2638 καί
400 2578 477 2644 αθτδς
490 2576 570 2643 κακὸς
584 2567 626 2647 ἦν.
642 2586 669 2633 R.
685 2584 716 2631 V.
1000 2615 1003 2623 ·
1207 2589 1258 2630 τοι.
1281 2567 1517 2645 (ἐνέόαλονεἊντὶ
1531 2578 1577 2632 τοῦ
1591 2572 1856 2653 ἐπῇλθοντηῖπολει.)
1948 2598 1965 2633 α

380 2685 428 2725 σαι.
451 2661 644 2744 ἐπεγράψατοι
670 2658 741 2719 ’νίντί
759 2665 806 2718 τοῦ
833 2657 1031 2739 ἐχειροτόνησε,
1046 2655 1126 2715 κατέ·
1208 2676 1258 2717 τον.
1281 2658 1442 2739 (ὼρακιάσας
1455 2681 1463 2721 :
1477 2652 1736 2742 οἷονώχριάσας,ἰη
1751 2660 1939 2734 ἐκλυθείς,ήλι·

342 2776 446 2826 στησεν.
458 2754 484 2831 (ἡ
496 2750 524 2810 δὲ
536 2746 672 2831 μεταφορδ
684 2748 736 2807 ἀπὸ
743 2752 794 2806 τῶν
805 2744 932 2825 μετοίκων
943 2744 1126 2826 τούςπροσταί-
1169 2746 1342 2827 πυψυχήσας,
1356 2745 1374 2817 ἣ
1396 2747 1543 2825 ἀθυμήσας.
1558 2753 1593 2817 ῶς
1611 2749 1756 2831 φιλοπότην
1771 2749 1801 2808 δέ
1821 2749 1939 2808 διαθαλλιι

341 2865 388 2911 τας
400 2838 602 2923 προγραφόντων
614 2838 737 2915 ἑαυτοῖς.)
1170 2832 1251 2892 πάλιν
1271 2833 1315 2893 τδν
1337 2838 1476 2915 Κρατῖνον,
1495 2836 1564 2913 μετά
1582 2835 1710 2905 ἐκλύσεως
1731 2830 1939 2917 ἐσκοτωμένον.ι(ι

381 2950 430 2990 σοι.
462 2927 558 3007 γυμνὸς
572 2926 630 2987 ὠνι
649 2928 819 3007 Προεστώτος
835 2922 981 3001 δηλονότι.)
1170 2921 1233 2990 ίσως
1247 2923 1385 2982 ἀκολουθεῖ
1397 2922 1443 2982 καί
1459 2923 1489 2983 τδ
1504 2925 1614 3006 ὠχριᾶν.
1632 2931 1743 2985 τοιοῦτοι
1757 2924 1824 2983 δέοί
1841 2929 1938 3006 λιτσψυ

303 3041 330 3081 υο
382 3038 432 3079 σοι.
455 3014 641 3097 (περιεζώσατο
658 3034 665 3073 :
683 3016 718 3073 01
731 3012 781 3094 γὰρ
795 3012 888 3091 γυμνοί
907 3014 1063 3091 ἐπιθυμοῦσι
1076 3011 1126 3071 κᾶν
1169 3014 1289 3089 χοῖντες·
1302 3008 1424 3090 τρέπεται
1436 3010 1487 3091 γάρ
1500 3015 1614 3084 αὐτῶνὴ
1629 3012 1716 3092 χροιά.
1779 3008 1967 3080 Ἄλλωςλυνι

342 3102 522 3186 περιζώματος
533 3111 630 3183 τυχεῖν.
643 3101 693 3161 δδέ
706 3106 777 3173 νοῦς,
790 3101 822 3160 δι’
836 3100 952 3179 ἀνάγκην
962 3097 1026 3167 τέως
1036 3106 1126 3159 τοῦτον
1170 3096 1275 3180 κόφρων
1289 3097 1320 3157 τδ
1334 3102 1452 3179 ὠρακιᾶν
1466 3099 1525 3180 άντί
1538 3106 1584 3160 τοῦ
1597 3102 1707 3213 ὠχριᾶν.
1723 3100 1940 3181 Ἐρατοσθίνηςδὲ

343 3192 460 3264 ἐζώσατο
475 3188 512 3269 μιν)
527 3188 625 3303 ἔχουσα
639 3188 880 3269 πολυτελέστερον.)
1169 3185 1201 3245 τδ
1225 3186 1275 3245 ὖπδ
1298 3185 1427 3254 ἐκλύσεως
1444 3190 1621 3265 ἐσκοτῶσθαι,
1641 3214 1663 3269 ῳ
1680 3188 1745 3255 ἰσως
1766 3191 1898 3248 ἀκολουθεῖ
1916 3186 1940 3246 τδ

382 3301 430 3341 σου.
454 3280 517 3357 (πῶς
530 3302 575 3337 ουν
589 3276 700 3347 ξυνοίσει
719 3296 726 3337 :
745 3276 793 3336 Ἐν
812 3275 863 3357 ίσῳ
884 3274 971 3356 εἴρηκε
991 3280 1069 3333 τοῦτο
1088 3278 1126 3356 τῷ
1170 3274 1280 3354 ὠχριᾶν.
1303 3272 1343 3331 δτι
1362 3272 1389 3332 δέ
1404 3272 1545 3355 φίλοινοςδ
1566 3276 1709 3356 Κρατῖνος,
1722 3276 1770 3335 καί
1783 3277 1861 3344 αθτδς
1878 3280 1940 3358 ἐντῖ,

343 3374 399 3437 πῶς
410 3373 493 3426 ταῦτα
503 3370 520 3438 ἡ
531 3366 606 3434 πολις
616 3363 836 3442 οἰκονομήσεικαί
845 3362 962 3434 θήσεται.
975 3362 1005 3422 τδ
1017 3362 1045 3421 δέ
1055 3362 1127 3436 έξης,
1171 3361 1273 3442 Πυτίνῃ
1288 3364 1377 3442 σαφῶς
1388 3360 1484 3440 λέγει.)

303 3478 329 3516 ιι
343 3462 399 3525 πῶς
413 3454 525 3515 συνοίσει
540 3458 573 3534 τῇ
587 3454 664 3513 πόλει
678 3456 776 3525 ταύτας
793 3454 898 3533 ἐρωτᾷ.)
1210 3468 1258 3508 τοι.
1280 3449 1381 3530 χᾶτερα
1405 3449 1465 3508 πόσ’
1489 3448 1546 3509 ἅττ’
1565 3449 1613 3508 οἴει
1636 3470 1643 3511 :
1660 3446 1769 3532 Ὥσπερ
1782 3452 1968 3529 ἐκπλαγείαηςτ,

383 3564 431 3603 σοι.
455 3544 643 3624 (ἐψηλαιίιῶαεν
659 3560 667 3601 :
683 3540 747 3599 ’λπδ
765 3544 812 3598 τοῦ
827 3536 1023 3615 συμδεόηκότος
1038 3538 1127 3620 εἴληφε
1170 3542 1217 3608 τῆς
1237 3538 1341 3619 εἰρήνης
1355 3537 1473 3617 ἐπήγαγε
1490 3538 1522 3596 τὸ
1535 3536 1581 3597 καί
1595 3536 1673 3620 ἕτερα
1694 3545 1807 3599 τοιαῦτα
1825 3539 1940 3619 γεγονέναι

344 3632 373 3690 τὸ
386 3632 577 3713 ἐψηλαφῶμεν·
591 3632 614 3688 οἰ
625 3626 676 3710 γάρ
688 3631 715 3688 ἐν
725 3627 812 3709 σκότῳ
822 3630 969 3700 ζητοῦντες,
979 3631 1025 3684 τοῦ
1035 3629 1129 3697 ζητου-
1172 3626 1201 3682 ε’ν
1215 3628 1249 3702 τῇ
1263 3623 1349 3683 πόλει.

345 3718 423 3798 μένου
437 3716 485 3789 τήν
495 3715 592 3799 άκριθῆ
606 3716 665 3797 θψιν
677 3718 727 3796 οθχ
735 3718 859 3799 δρῶντες,
870 3716 1042 3796 ψηλαφῶντες
1052 3717 1128 3773 ἀνευ-
1211 3732 1259 3773 Ὶυσ.
1279 3710 1316 3769 ἴθι
1331 3735 1377 3770 νυν
1397 3732 1404 3772 :
1421 3710 1494 3772 Μίαν
1512 3716 1565 3771 τῶν
1583 3715 1795 3773 συνανελθουσῶν
1813 3715 1940 3795 τῇθῖἰρήνη

346 3806 477 3887 ρίσκουσιν
491 3804 572 3881 αθτό.)
1172 3798 1237 3880 πρδς
1244 3798 1330 3878 γάμον
1342 3802 1414 3881 αὐτῷ
1422 3799 1521 3860 δίδωσι,
1532 3803 1726 3882 προειρήκαμεν
1736 3802 1765 3861 δέ
1774 3802 1815 3862 ότι
1825 3804 1941 3861 συνανειλ·

306 3920 332 3957 ιιι
385 3916 432 3954 σου.
454 3892 518 3975 πρὸς
530 3891 625 3972 λύχνον
643 3892 818 3972 βουλεύσομεν
833 3912 841 3953 :
856 3890 920 3953 e'0³1
929 3890 1130 3971 λυχνοπώληςθ
1172 3886 1307 3972 κύσθησαν
1321 3890 1388 3966 αὐτῇ
1402 3886 1421 3959 ἥ
1434 3911 1463 3946 τε
1483 3888 1595 3968 Ὀπώρα
1611 3889 1657 3948 καί
1672 3894 1689 3962 ἡ
1706 3890 1823 3972 Θεωρία.
1844 3883 1904 3963 ἦσαν
1919 3888 1967 3947 δέοι

346 3974 514 4062 ’Ῡπέρθολος
527 3977 595 4047 τινὲς
609 3978 638 4037 δέ
650 4002 728 4060 φασιν
740 3979 818 4038 αθτδν
832 3978 925 4059 Σύρον.
939 3980 985 4038 καί
1001 3982 1131 4059 Κρατῖνος
1172 3978 1284 4055 ἰταῖραι.

346 4068 374 4128 δέ
387 4072 414 4128 ἐν
430 4066 531 4145 Πυτίνῃ
547 4095 558 4121 ι
572 4066 734 4148 ’λ’πέρθολον
750 4068 772 4125 δ’
790 4066 941 4134 οἰποσθέσας
954 4070 981 4127 ἐν
1006 4068 1059 4133 τοῖς
1079 4066 1128 4126 λύ-
1213 4084 1262 4124 τοο.
1286 4066 1390 4140 (ἐκποοδ
1412 4066 1502 4147 σαθτῷ
1519 4085 1526 4125 :
1543 4068 1602 4125 Οὔκ
1621 4057 1678 4127 εἰπε
1691 4064 1751 4134 τούς
1764 4066 1873 4140 παῖδας,
1885 4064 1940 4123 άλλί

346 4178 432 4236 χνοισι
446 4154 555 4235 γράψον.
570 4182 582 4207 ν
1173 4152 1233 4218 τοθς
1247 4152 1341 4233 βότρυς
1355 4152 1398 4210 διίι
1411 4152 1459 4224 τήν
1474 4152 1625 4235 Ὀπώραν.)

386 4264 435 4307 ουε.
457 4241 511 4302 ὅτι
524 4241 635 4323 πρέπει
646 4242 800 4323 Σοφοκλήςι
817 4244 911 4303 Γελοῖα
925 4246 1018 4303 ταῦτα.
1032 4246 1068 4310 ὠς
1079 4243 1131 4325 γίιρ
1213 4260 1263 4300 τιο.
1281 4239 1323 4298 διδ
1337 4239 1432 4319 χρόνον
1451 4240 1478 4298 τί
1502 4264 1542 4299 σοι
1561 4242 1630 4300 δοκῶ
1650 4238 1740 4302 τ’Ὀτι
1761 4244 1786 4300 οἰ
1807 4240 1851 4301 διδ
1861 4239 1940 4321 χρόνον

308 4356 333 4394 ισ
346 4330 407 4412 περ)
426 4329 574 4390 σπουδαίων
599 4328 646 4401 τήν
667 4330 783 4411 ἔμφασιν
803 4328 957 4408 ποιούμενος
975 4330 1130 4409 ἐπήνεγκεν,
1175 4327 1302 4395 ἐσθίοντες
1320 4326 1426 4409 ὀπώραν
1446 4326 1548 4399 πολλὴν
1569 4328 1746 4408 βλάπτονται,
1759 4329 1805 4389 καί
1823 4332 1847 4389 οῖ
1862 4336 1939 4388 συνου-
1950 4346 1967 4380 ⁸³

347 4420 387 4479 ὅτι
400 4420 461 4501 περί
475 4416 636 4500 Σοφοκλέους
650 4417 760 4478 ἐπύθετό
771 4440 831 4495 μου.
1175 4414 1306 4484 στάζοντος
1321 4418 1446 4495 συνεχῶς.
1462 4413 1519 4473 ἐπεὶ
1536 4406 1582 4473 οδν
1596 4417 1680 4475 ἐδόκει
1700 4416 1816 4498 Ὀπώρα
1834 4408 1940 4476 εἶναικαὶ

388 4528 436 4569 σοι.
458 4510 488 4567 ἰκ
504 4511 549 4566 τοῦ
572 4504 735 4587 Σοφοκλέους
749 4504 849 4584 γίνεται
869 4526 877 4565 :
895 4505 969 4583 (Ὀτι
983 4506 1027 4565 ἐπί
1046 4510 1132 4589 μισθῷ
1175 4503 1303 4584 ἡπόρνη,
1316 4504 1381 4581 ’πρὸς
1394 4500 1530 4584 ἀμφότερα
1544 4502 1660 4572 ἐπαιξεν.

349 4586 446 4667 ἔγραψε
466 4584 501 4645 τδ
521 4586 600 4663 μέλη.
621 4584 667 4643 καί
686 4582 747 4666 γάρ)
770 4584 918 4662 Σιμωνίδης
937 4586 1008 4644 δοκεῖ
1028 4591 1132 4666 πρῶτος
1214 4610 1264 4650 ιιι.
1281 4590 1449 4658 κατελάσας;
1465 4590 1655 4660 Συνουσιάσας.
1677 4602 1739 4651 Vici.

349 4671 535 4753 σμικρολογίαν
557 4673 711 4749 εἰσενεγκεῖν
737 4675 773 4739 εἰς
793 4671 826 4731 τὰ
848 4670 955 4754 ᾄσματα
970 4673 1015 4732 καί
1031 4674 1132 4755 γράψαι
1215 4698 1264 4739 νιν.
1289 4677 1439 4758 βληχωνίαν
1457 4678 1611 4757 ιΒλήχωνά
1629 4701 1709 4760 φασιν
1720 4678 1836 4739 -Ἄττικοί
1848 4680 1887 4739 διὰ
1903 4682 1940 4735 τοῦ

310 4777 336 4815 σο
351 4750 425 4841 ᾆσμα
438 4765 539 4837 μισθοῦ.
552 4764 628 4818 τοῦτο
642 4758 670 4817 δέ
684 4758 729 4820 καί
739 4760 870 4839 Πίνδαρος
884 4763 910 4818 ἐν
923 4767 977 4827 τοῖς
990 4760 1132 4838 Ἰσθμιονί-
1177 4770 1208 4845 β,
1219 4766 1279 4845 οθχί
1293 4764 1336 4825 διδ
1350 4772 1396 4825 τοῦ
1410 4790 1436 4843 γ.
1450 4769 1474 4825 οἰ
1486 4764 1514 4825 δέ
1527 4765 1628 4837 πολλήν
1640 4765 1746 4847 ὀπώραν
1761 4768 1894 4843 ἐσθίοντες,
1904 4767 1939 4824 lb
1949 4804 1967 4839 ρ,

350 4870 409 4914 καις
429 4847 469 4927 (ν,
488 4848 511 4926 ι]
532 4847 610 4929 φησὶν
632 4846 818 4924 αἰνιττόμενος·
842 4849 867 4924 (ι
889 4846 976 4925 οἱμὲν
996 4840 1133 4922 πάλαι,ὠ
1176 4854 1294 4911 κυκεῶνα
1308 4851 1458 4932 βληχωνίαν
1468 4852 1587 4924 πίνωσιν,
1597 4855 1628 4911 σθ
1640 4853 1811 4931 βλάπτονται.
1823 4854 1938 4936 βρέχοντες

352 4962 363 4987 ο
378 4932 565 5014 Θρασύύουλε,
575 4938 670 5014 φῶτες,
682 4932 707 4993 οἰ
719 4932 919 5015 χρυσαμπύκων
932 4936 957 5003 ἐς
968 4933 1057 5017 δίφρον
1069 4940 1134 4996 Μοι-
1177 4931 1221 4997 οὖν
1232 4938 1358 5020 γλήχοινα
1370 4938 1528 5011 ἐπιπίνουσι,
1539 4939 1583 4998 διδ
1594 4940 1625 4999 τδ
1638 4940 1689 5000 θπδ
1702 4948 1748 5001 τῶ
1761 4945 1826 5001 θποῦ
1839 4942 1883 5013 τήν
1891 4965 1940 5018 καρ

352 5031 424 5080 «σᾶν
446 5020 558 5093 έόαινσν,
574 5023 658 5103 κλυτᾷ
679 5020 803 5102 φόρμιγγι
827 5022 1024 5101 συναντόμενοι,
1050 5024 1133 5108 βίμφα
1151 5041 1156 5110 (
1177 5026 1234 5089 δίαν
1263 5027 1453 5088 κατεσθίεσθαι.
1480 5026 1523 5085 ίνα
1545 5018 1590 5087 σύν
1616 5032 1634 5099 ή
1659 5028 1785 5109 δριμύτης
1804 5032 1938 5107 ἐποαανρῇ,

352 5137 364 5163 ι
381 5108 512 5177 τοιιδείους
523 5108 640 5177 ἐτόξευον
654 5110 812 5191 μελιγάρυας
826 5110 929 5189 θμνοος.
945 5112 961 5171 δι
981 5119 1068 5190 μοῦσα
1082 5113 1133 5194 γὰρ
1151 5122 1157 5171 ἱ
1177 5113 1301 5194 γλήχωνα
1325 5114 1485 5194 ἐλάμόανον.
1550 5114 1669 5193 (Ἄλλως.
1694 5118 1718 5175 οἰ
1732 5117 1837 5195 ὀπώραν
1855 5112 1939 5185 πολλήν
