4100 6109
852 473 979 535 etuti.
1632 484 1684 531 nu

116 613 206 674 ὀπίσω
224 620 306 696 pouit
320 621 354 678 Θ.
369 617 436 682 diue
456 634 513 672 om.
529 618 563 670 V.
575 648 607 663 -
625 613 659 670 13
674 612 744 670 ἔνθεν
759 608 804 667 καὶ
815 606 886 665 ἔνθεν
931 604 1121 673 intellexisse,
1137 602 1186 679 qui
1196 600 1323 679 ejusdem
1334 604 1445 678 generis
1457 624 1564 661 metues
1574 619 1602 662 ct
1616 608 1651 663 ad
1663 628 1693 662 se

117 703 295 787 στρεφόμενος
310 712 400 765 Dona¹
416 742 446 756 -
464 704 498 760 ιδ
512 699 567 760 ἔστι
583 698 646 777 μὲν,
669 699 703 757 ιθ
724 696 768 756 tat
782 697 886 777 φυλακῇ
931 692 1037 750 delatas
1050 705 1173 761 emeret,
1190 703 1219 747 et
1240 690 1304 748 aliis
1320 690 1425 749 iterum
1444 694 1596 766 venderet;
1615 697 1692 771 quod

116 794 189 866 neg.
203 790 264 863 ήτοι
284 789 387 873 ρυλακή
405 790 491 849 Paris.
512 825 542 839 -
561 789 596 845 ιθ
615 785 694 869 θύρας
706 790 754 857 rii<
776 783 888 864 ἐχούσης
931 782 984 839 etsi
1008 780 1139 839 nonnihil
1157 780 1272 839 dillemt
1292 780 1492 859 explicationi,
1513 804 1577 861 quae
1589 780 1692 843 'statim

117 875 284 958 ατρόριγγας
295 880 365 956 Reg,
932 870 1116 947 proponitur,
1131 868 1168 927 ιιλι
1188 888 1241 925 usu
1258 881 1353 927 tamen
1367 872 1447 927 vocis
1458 870 1581 953 ipsoque
1595 874 1694 948 παλιγ-

166 966 253 1035 uss,
273 968 309 1025 38
324 986 366 1043 sq.
384 964 509 1040 Etymol.
531 961 754 1039 ΙΙαλιγκάιι-ηλος,
772 965 787 1019 ό
804 981 888 1037 μετα-
932 954 1077 1026 καπήλων,
1091 956 1283 1032 quorumdam
1302 956 1415 1027 saltem,
1435 958 1567 1015 instituto
1581 978 1637 1016 uon
1653 973 1695 1016 cst

117 1048 231 1124 θαλείας,
244 1058 259 1112 ό
271 1052 303 1111 τὸ
316 1052 380 1111 αὐτὸ
390 1050 525 1132 αἰγοράζων
537 1049 582 1109 καλ
595 1051 706 1107 πωλῶν·
721 1049 809 1128 paulo
822 1047 888 1125 ple·
931 1046 1056 1103 alienum
1070 1068 1076 1102 ι
1090 1045 1145 1101 lanc
1165 1045 1240 1102 euim
1253 1058 1337 1125 pacto
1350 1046 1498 1104 Phoenices
1516 1068 1631 1125 qunque
1645 1071 1696 1105 πα-

118 1140 189 1197 nius
202 1141 364 1217 Hesychius
379 1145 412 1199 :i
428 1138 585 1217 μιτάόολος,
599 1137 651 1196 lai
664 1136 727 1195 αὐτὸ
736 1136 776 1195 σἰιλ
791 1134 886 1216 άγορά·
931 1128 1091 1209 λιγκάπηλοι
1106 1132 1266 1191 scholiastae
1288 1132 1403 1191 Pindari
1425 1135 1461 1191 ad
1482 1136 1564 1210 Pytla.
1583 1157 1610 1207 a,
1633 1137 1695 1207 125,

118 1229 175 1293 ζων
187 1227 233 1285 καί
247 1228 359 1300 πωλῶν,
373 1231 408 1293 όνς
417 1224 601 1296 παλίνδουλος,
616 1222 767 1287 θπολλάκις
779 1218 887 1280 δουλεύ-
932 1220 1004 1277 nihil
1018 1220 1212 1299 opportunius
1225 1219 1260 1277 ad
1275 1240 1333 1276 rem
1347 1222 1556 1297 explanandam
1572 1224 1622 1283 illo
1632 1226 1696 1301 ipso

117 1336 185 1379 σας·
210 1315 291 1391 quod
311 1315 455 1394 posterius
475 1334 510 1371 eo
536 1313 676 1392 pertinet,
703 1324 734 1368 ut
758 1321 888 1378 moneat,
934 1306 1086 1384 Sophoclis
1109 1306 1189 1375 loco,
1212 1325 1297 1382 quem
1319 1306 1440 1384 protulit
1459 1331 1465 1363 :
1484 1308 1562 1379 Ὠνήν
1579 1308 1636 1367 ἔθου
1652 1309 1697 1367 καὶ

111 1402 206 1459 ’πάλιν
227 1405 257 1461 in
281 1404 337 1462 hoc
356 1402 499 1461 vocabulo
511 1400 675 1478 composito
692 1419 750 1455 nou
764 1396 888 1475 simplici
933 1403 1046 1474 πρᾶσιν,
1061 1391 1200 1459 ὠςΦοῖνιξ
1213 1390 1292 1472 ιἰνήρ,
1309 1392 1432 1460 Σιδώνιος
1445 1395 1576 1468 κάπηλος,
1592 1398 1697 1455 altero-

120 1504 239 1548 tantum
251 1510 358 1568 suaque
365 1489 490 1569 gaudere
497 1498 653 1566 potestate,
662 1483 712 1544 sed
722 1485 888 1545 continuam
934 1504 990 1559 que
1002 1483 1120 1551 comici,
1134 1480 1184 1539 ubi
1195 1501 1339 1539 nonnemo
1354 1484 1500 1561 protinus,
1513 1485 1596 1543 simul
1612 1500 1698 1562 atque

122 1580 365 1655 frequentemque
377 1578 537 1657 significare
546 1595 640 1632 rerum
649 1586 805 1643 emtarum,
817 1591 890 1628 ren·
911 1627 914 1641 ,
936 1571 983 1641 id,
998 1569 1141 1648 quidquid
1153 1569 1255 1638 luerit,
1267 1569 1346 1646 quod
1357 1570 1385 1627 in
1395 1570 1490 1631 sabula
1503 1573 1611 1631 dictum
1624 1594 1699 1653 prae-

120 1666 311 1743 ‹litarumque
338 1664 601 1723 commutationem.
631 1660 712 1719 Idem
740 1659 838 1717 docuit
860 1658 890 1715 in
911 1645 915 1743 ή
936 1658 1355 1733 cesserat,contingeret‚fieti
1369 1678 1399 1716 se
1413 1659 1577 1720 Plioenicem
1596 1662 1699 1731 aiebat,

124 1750 303 1818 ΙΙοιλίνσιιιος·
319 1752 350 1812 τὸ
360 1751 411 1833 γάρ
422 1750 638 1826 πάλιν,ἰιιιγιιὶι,
654 1750 759 1826 ἐνιαχοῦ
773 1744 891 1804 ὶπίτασιν
913 1750 915 1806 i
936 1766 993 1803 una
1013 1766 1099 1803 manu
1111 1745 1194 1814 darc,
1210 1746 1340 1822 accipere
1359 1746 1466 1803 altera:
1483 1746 1555 1816 εὐθὺς
1568 1746 1594 1805 δὲ
1609 1750 1701 1817 Φοῖνιξ

123 1840 222 1910 δηλοῖ,
233 1837 489 1918 ὣςπαλιγκάπηλυς,
499 1836 700 1916 παλίμπρατος·
712 1838 753 1893 ita
769 1834 892 1892 scriben-
913 1819 1078 1930 ι’γίγνομαι,
1093 1834 1137 1910 Τῇ
1161 1828 1208 1909 μίν
1230 1831 1335 1908 δίδωμιΙ
1348 1833 1433 1912 χειρὶ,
1459 1838 1492 1913 τῇ
1515 1833 1543 1893 δὲ
1562 1836 1700 1911 λαμάάνω.

123 1926 217 1996 άιιιιι,
234 1948 293 1984 uon
312 1926 529 2005 παλίμπρακτος·
541 1924 608 1982 vide
620 1924 726 1981 Polluc.
738 1944 766 1994 7,
782 1944 826 1993 ιι,
842 1924 893 2001 qui
914 1944 917 1968 ι
937 1926 1006 1979 Des.
1023 1920 1166 1979 Heraldus
1178 1920 1273 1977 Anim.
1294 1922 1324 1977 in
1339 1920 1461 1979 observ.
1486 1922 1522 1979 ud
1538 1928 1562 1980 l.
1581 1930 1614 1981 Δ,
1628 1936 1656 1982 et
1668 1930 1702 1982 ll.

123 2010 163 2069 σὺ
173 2010 294 2093 διάτορον
309 2011 512 2094 πιπρασκόμενα
531 2010 589 2069 dici
610 2023 691 2068 notat
702 2009 892 2090 παλίμπρατα,
915 1975 918 2044 ί
940 2029 1040 2081 a,c.a,
1057 2011 1098 2080 §6
1109 2008 1169 2065 haec
1184 2008 1404 2067 scholionostro
1414 2008 1544 2067 subdidit
1557 2034 1562 2067 :
1576 2016 1646 2068 Hele
1658 2010 1703 2087 ίμ-

122 2102 313 2178 ιαιλίμπαιλα,
330 2100 486 2178 additque,
500 2098 546 2156 καλ
560 2102 575 2157 ὁ
587 2103 664 2156 πάλιν
677 2100 774 2168 ποιῶν,
790 2096 895 2173 nattu-
915 2051 919 2188 i¹
940 2120 1020 2178 πορον
1033 2096 1084 2155 ὑπὸ
1097 2099 1143 2155 τοῦ
1160 2095 1280 2166 καπήλου
1295 2104 1427 2153 συντείνοντ’
1442 2101 1504 2155 υιιίι
1515 2103 1607 2173 aliquo
1624 2121 1704 2171 castr,

122 2188 235 2260 πωλος,
252 2187 468 2267 παλιγκάπηλος’
480 2206 539 2264 quo
554 2198 649 2244 ιαιιιαιι
662 2186 743 2257 loco,
756 2208 791 2243 ne
804 2188 895 2243 lorma
917 2214 921 2265 γ
941 2184 1094 2257 οικάπηλον
1106 2204 1165 2241 esse
1176 2190 1225 2261 qui
1246 2188 1320 2241 domi
1336 2192 1404 2241 emit
1412 2183 1465 2243 ἀπὸ
1478 2190 1522 2243 τοῦ
1537 2185 1704 2258 αθτοπιίιλου,

122 2277 211 2334 vocis
229 2276 357 2352 legitima
377 2272 568 2345 desiderem,
583 2274 680 2333 malim
702 2272 895 2349 παλιμπόνλης·
941 2271 1186 2339 etvenditibt'dem
1200 2270 1369 2353 πῷέμπόρῳ,
1385 2294 1438 2347 ριιο
1457 2280 1566 2355 nomine
1582 2280 1646 2331 vult
1656 2296 1705 2350 ap

125 2383 235 2423 serras
248 2364 335 2421 etiam
346 2361 510 2439 παλίμόολος
519 2374 548 2419 et
558 2360 756 2443 παλίμπρατυς,
768 2365 783 2420 ό
793 2362 897 2421 πολλά·
939 2369 1044 2439 pcllora'
1056 2381 1258 2439 quemcunque,
1281 2368 1327 2439 ριιι·
1339 2367 1407 2417 emit
1417 2360 1460 2419 tat
1481 2358 1569 2433 ξένης,
1583 2370 1637 2419 sive
1654 2363 1706 2420 ἀπὸ

124 2473 168 2509 κις
188 2448 299 2528 epulti<
314 2450 342 2519 3,
367 2451 438 2521 ¹²53
461 2468 557 2532 neque
577 2468 661 2506 usum
679 2449 825 2527 eleganter
840 2450 897 2506 alio
942 2458 989 2511 τοῦ
1010 2446 1181 2520 «tenutas,
1195 2456 1249 2506 sive
1263 2446 1316 2506 άπὸ
1333 2454 1378 2507 τοῦ
1397 2448 1531 2520 καπήλου·
1554 2453 1706 2527 sedetque

126 2538 305 2597 translatum
319 2535 475 2597 observare
487 2536 631 2614 neglexit,
652 2536 837 2617 παλίμπρατος
850 2537 897 2608 τήν
943 2543 1090 2597 emitdomt'
1096 2581 1106 2607 ,
1126 2539 1201 2611 qttod
1216 2540 1324 2592 vendat
1335 2536 1378 2593 lael
1389 2534 1476 2608 ξένης.γ
1488 2540 1535 2593 Ea:
1549 2558 1581 2594 eo
1597 2553 1704 2605 autern,

126 2622 223 2702 ὅραν,
236 2622 439 2700 παλιγκάπηλος
455 2628 502 2682 τοῦ
515 2623 627 2689 κάλλαια
643 2625 673 2696 6,
697 2644 761 2697 127,
776 2637 805 2681 et
823 2625 899 2682 iuter
943 2632 1018 2706 quod
1026 2627 1145 2697 κάπηλον
1158 2629 1375 2693 vultetseeunt,
1397 2634 1445 2701 qul
1462 2634 1528 2683 emit
1536 2626 1588 2684 ἀπὸ
1600 2632 1645 2684 τοῦ
1658 2630 1706 2684 αὗ-

111 2712 260 2769 .rlaetoris
270 2712 446 2789 opprobria,
456 2709 519 2792 πρὸς
530 2710 652 2792 άργόριον
662 2710 781 2790 βλέπων,
792 2712 899 2787 παλίμ-
944 2715 1080 2786 τιπόιλου,
1094 2711 1297 2789 παλιγκάπηλον
1312 2716 1456 2782 esaeeult,
1469 2722 1517 2787 qul
1529 2714 1654 2772 ινπίιάπὸ
1663 2721 1708 2773 τοῦ

124 2820 243 2878 πραιος·
264 2799 409 2877 pauloque
427 2811 508 2877 post,
531 2798 742 2875 παλιγκάπηλος,
758 2798 900 2881 πεπρακὼς
945 2806 1081 2875 καπήλου,
1094 2816 1191 2857 cteum
1201 2803 1341 2875 dirungarit
1353 2800 1405 2858 ἀπὸ
1418 2805 1462 2857 τοῦ
1476 2800 1647 2879 ρεταὸολέος,
1661 2818 1709 2859 ctae

126 2885 241 2944 ἔαυτόν·
265 2886 415 2963 quomodo
430 2887 466 2943 de
491 2888 593 2944 Flacco
621 2889 705 2947 Philo
730 2889 845 2948 Jutlaeus
869 2910 897 2967 p.
944 2896 1236 2967 nuttapoeaeesuncer
1244 2903 1388 2963 utrumque
1396 2888 1565 2961 dfferentt‘a.
1577 2900 1707 2964 Quorum

127 2996 203 3049 971,
218 2980 243 3032 A
257 2997 264 3033 ι
277 2975 404 3033 Φλάκκον
418 2974 470 3045 ἤδη
486 2978 572 3053 τιμῶν
584 2976 680 3035 ἀθλίων
693 2975 851 3054 ίωνημίνοι,
868 2978 898 3043 ἃς
944 2984 1142 3056 ista,quiemlt
1152 2974 1194 3033 ὶπλ
1209 2972 1282 3045 ξένης
1294 3010 1324 3021 -
1333 2978 1421 3031 sedet
1428 2983 1477 3051 qui
1485 2984 1550 3033 cnaa't
1559 2982 1637 3035 elom!
1644 2994 1708 3049 etc,

128 3060 306 3139 ὅδσξομανής
320 3062 365 3120 καὶ
378 3062 561 3141 παλίμπρατος
581 3064 737 3141 ἔλάμάανεν.
754 3067 829 3124 lliuc
841 3088 894 3123 πα-
944 3071 1012 3127 satis
1025 3077 1165 3145 arguunt,
1181 3063 1314 3141 impediti
1325 3061 1463 3139 quiddam
1484 3064 1609 3123 llcraldo
1625 3066 1710 3125 luisse

128 3150 300 3229 λιμπροίπης,
315 3170 401 3227 quern
426 3150 535 3208 Glossae
552 3164 663 3210 veteres
680 3152 852 3234 μεταπρσίιην
869 3166 899 3211 et
944 3160 1039 3217 visum
1052 3156 1160 3213 haerere
1171 3152 1201 3209 in
1210 3149 1326 3228 ἐμπόρου
1336 3151 1546 3228 descriptione,
1562 3155 1640 3231 quod
1652 3156 1709 3213 lru·

127 3246 406 3307 coce’onemvocant,
430 3256 530 3315 parum
547 3258 563 3294 a
579 3238 775 3320 παλιγκαπήλῳ
796 3241 897 3315 distat3
945 3259 1003 3304 stra
1028 3242 1126 3309 verbis
1147 3252 1242 3317 tegere
1261 3241 1297 3296 sit
1327 3252 1457 3297 conatus.
1481 3240 1602 3299 Budaeus
1624 3244 1708 3301 etiarn

127 3324 213 3404 quod
226 3324 412 3381 mttledictum
426 3336 458 3380 ιιι
473 3325 611 3402 sophistis
628 3327 682 3385 suit
696 3346 711 3385 ι
724 3328 898 3387 liberaliori-
944 3335 1077 3414 scripsit,
1091 3330 1108 3401 ἢ
1121 3334 1173 3387 άπυ
1191 3333 1237 3386 τοῦ
1251 3328 1371 3398 καπήλου
1385 3328 1543 3404 ὠνούμενος,
1564 3330 1634 3389 illud
1654 3336 1705 3391 sci-

129 3416 186 3471 bus
201 3411 388 3492 philosophis
406 3410 566 3492 objectum,
581 3414 622 3470 sic
639 3414 761 3491 perinde
777 3428 806 3473 et
826 3417 897 3474 illud
919 3382 923 3449 ί
945 3424 1012 3481 lieet
1022 3418 1221 3499 participium,
1232 3428 1264 3473 ut
1275 3434 1372 3473 sensus
1383 3430 1519 3492 congruat
1529 3461 1536 3487 ,
1546 3418 1709 3477 addendum

130 3503 159 3557 in
171 3501 268 3578 Epist.
278 3505 388 3557 socrat.
405 3520 435 3577 p.
450 3518 478 3569 a,
492 3500 680 3577 quemlocum
695 3503 801 3579 insigni
817 3524 897 3561 anen-
945 3510 1121 3568 existimans.
1147 3509 1253 3563 Sauare
1283 3504 1349 3560 licet
1375 3503 1562 3577 scholiasten,
1590 3506 1710 3584 ejusque

128 3590 166 3648 da
181 3590 338 3648 liberabo:
356 3591 413 3647 ἀλλ’
433 3588 523 3670 ὥσπερ
542 3589 601 3655 τοὺς
614 3589 756 3672 σοφιστάς,
778 3593 823 3650 καὶ
837 3596 896 3653 Σω-
920 3614 924 3624 ·
946 3598 1098 3675 genuinam
1114 3604 1239 3650 mentem
1253 3592 1367 3667 assequi
1378 3592 1507 3649 oratione
1518 3594 1546 3649 in
1561 3593 1708 3653 meliorent

130 3677 234 3758 κράπην
248 3677 329 3757 ραίνῃ
341 3679 662 3758 ίππονοιῐνπαλιμπράτην
674 3678 734 3737 τινὰ
749 3670 816 3738 εἶναι
837 3705 900 3740 παι-
921 3632 925 3755 i
946 3685 1078 3743 ordinem
1098 3681 1251 3757 redigenda
1272 3703 1278 3735 :
1301 3675 1437 3759 Ἕμπορυς
1454 3677 1482 3735 δὲ
1508 3684 1521 3736 ὁ
1541 3680 1675 3761 ἀγοράζων
1691 3680 1707 3747 i,

132 3766 220 3839 διίας,
230 3766 278 3824 καλ
287 3764 321 3824 τά
330 3765 457 3849 πρότερον
464 3767 565 3847 γράήαι
576 3771 625 3847 σιἰγ
635 3770 725 3835 ἁπλῶς
734 3772 900 3851 ἀρνούμενον,
922 3766 926 3846 ή
946 3771 998 3830 ἀπὸ
1014 3775 1059 3829 τοῦ
1083 3766 1253 3838 αὖτυπιθλου,
1268 3765 1286 3836 ἢ
1304 3766 1357 3825 άπὸ
1373 3770 1419 3823 τοῦ
1440 3766 1577 3838 καπήλου,
1604 3770 1648 3826 καὶ
1672 3770 1712 3829 ἐπὶ

133 3854 196 3911 ἀλλ’
209 3852 257 3935 ἐπὶ
267 3853 385 3911 πλείοσιν
395 3852 412 3924 ἢ
424 3862 478 3920 τοῖς
489 3853 549 3913 πότι
563 3855 708 3933 διδομένοις
720 3858 771 3917 tat
782 3865 842 3918 σοῦ·
856 3862 899 3918 le·
922 3849 926 3875 '
948 3860 1021 3931 ξένης
1041 3859 1152 3915 πωλῶν·
1174 3854 1253 3930 quod
1270 3855 1319 3926 iis,
1336 3872 1400 3931 quae
1421 3852 1553 3924 tradidit,
1570 3868 1628 3913 tam
1644 3876 1706 3913 con-

132 3941 272 4017 gebatur,
290 3938 456 4022 αἱρούμενον·
476 3942 589 3999 ἀλλ’ίπλ
604 3941 706 4001 πλείοσι
720 3954 775 4012 τοῖς
789 3946 847 4005 τότε
862 3950 902 4005 δι-
948 3950 1032 4005 oinue
1050 3942 1218 4022 respondet,
1236 3954 1283 4011 ut,
1301 3942 1369 4019 quin
1395 3941 1435 3999 ita
1449 3941 1613 4017 reliquerit,
1629 3942 1714 4002 dubi-

133 4026 274 4104 θσμόνοις·
289 4041 332 4086 est
344 4042 440 4088 autem
454 4030 586 4108 ἀρνεῖσθαι
596 4035 773 4090 conditionem
781 4034 902 4092 oblatam
923 4044 925 4048 ’
949 4036 1003 4093 tari
1026 4044 1158 4109 nequeat.
1181 4029 1280 4107 steph.
1297 4034 1362 4105 Byr..
1373 4030 1401 4085 in
1416 4028 1522 4099 Ἰσεῖον,
1541 4028 1622 4107 cujus
1635 4030 1711 4089 urbis

134 4135 276 4189 respauere.
290 4114 441 4174 Μιτάόολσι
452 4137 537 4187 vero,
551 4119 708 4197 interprete
717 4121 820 4193 Suida,
834 4145 902 4204 πρα-
948 4122 1089 4200 ιΕμγμιίισ
1098 4136 1204 4176 nomen
1215 4127 1277 4174 erat
1289 4117 1406 4187 incolis,
1418 4128 1464 4187 ut,
1475 4118 1621 4191 Hesyclaio
1633 4131 1712 4187 teste,

133 4202 304 4278 γματιυταλ,
321 4212 503 4285 μιταπρθται,
517 4218 546 4263 et
563 4206 731 4281 μιταόολεῖς,
745 4210 787 4267 illi
802 4230 904 4269 tecen-
949 4208 1157 4287 Metapoutiuis
1170 4204 1247 4285 apud
1259 4205 1363 4275 Italos,
1377 4204 1413 4261 ab
1425 4206 1486 4283 ipsa
1501 4225 1531 4262 re
1546 4204 1709 4281 μεταόόλοις·

134 4289 266 4347 rioribus
279 4290 458 4363 usitatiores,
473 4291 502 4351 ni
514 4294 632 4365 Atticis,
645 4309 677 4351 ut
690 4308 769 4354 notat
778 4298 904 4356 Thomas
950 4318 1033 4366 nam,
1055 4314 1119 4372 quae
1142 4295 1198 4352 huc
1219 4293 1331 4371 egregie
1353 4293 1475 4362 iaciunt,
1496 4294 1613 4351 πωλοῦσι
1629 4291 1712 4369 μόνοις

135 4382 191 4447 ll„
208 4390 422 4456 proptereaque
437 4380 491 4437 soli
511 4398 527 4437 a
544 4383 655 4439 Polluce
669 4387 904 4457 commemorati,
925 4382 929 4473 j
949 4393 1002 4450 τοῖς
1014 4380 1138 4462 ἐμπόροις
1160 4380 1240 4462 ἀθρόα
1254 4379 1287 4438 τὰ
1308 4379 1416 4461 φορτία,
1436 4378 1508 4457 παρὰ
1521 4382 1574 4437 τῶν
1590 4384 1714 4460 τεχνιτῶν

136 4463 272 4534 καπήλοις
285 4477 314 4521 et
335 4465 545 4543 παλιγκαπήλοις
559 4482 617 4526 tam
636 4471 739 4541 vicini,
760 4484 792 4529 ut
812 4474 847 4531 iis
860 4476 904 4532 vel
926 4494 929 4568 γ
951 4473 1120 4553 ἀγοράζοντες
1134 4469 1202 4529 αὐτὰ
1225 4469 1285 4527 κατ’
1299 4469 1392 4545 ὀλίγα,
1416 4468 1461 4526 καλ
1488 4466 1649 4537 κοτυλίζουσι
1662 4476 1713 4534 τοῖς

909 1122 915 1141 t

134 4552 321 4630 explicandis
343 4553 550 4625 adhibeantur,
572 4557 617 4614 vel
641 4560 773 4636 proxime
797 4561 906 4637 junctis
926 4575 930 4651 Ι
951 4558 1100 4641 ἐγχωρίοις·
1118 4558 1168 4617 ubi
1181 4556 1322 4625 κυτυλίζειν
1335 4555 1444 4613 Polluci
1457 4576 1573 4633 quoque
1585 4569 1712 4642 potatum

134 4641 326 4698 adhaereant:
342 4642 366 4699 ol
382 4640 534 4716 μεταάολιῖς
545 4644 780 4704 salatratatus
791 4647 906 4720 κάπηλοι
926 4682 930 4731 γ
952 4670 979 4720 7,
995 4657 1059 4722 194,
1072 4646 1150 4704 idem
1165 4641 1309 4720 est,qund
1322 4640 1481 4700 scholiasta
1492 4646 1560 4701 κατὰ
1570 4642 1618 4713 Τήν
1632 4645 1709 4703 2⁰1¹]-

135 4726 219 4806 apud
241 4732 351 4786 δουναι,
377 4733 413 4786 Η.
429 4734 461 4787 Ε.
484 4733 512 4801 3,
538 4752 590 4807 ¹73
604 4734 729 4809 gmviter
740 4747 770 4792 et
786 4736 905 4812 figurate
926 4763 930 4783 ι
945 4739 998 4806 Δλην
1010 4736 1115 4794 πωλεῖν.
1129 4736 1271 4791 Eiusm-
1280 4734 1316 4804 39
1330 4728 1436 4787 ἀπὸτοῦ
1448 4728 1567 4801 καπήλου
1580 4734 1714 4813 ἀγοράζων

137 4814 295 4871 Demosth.
312 4820 344 4870 ln
359 4816 504 4894 Aristogit.
520 4840 549 4897 p.
564 4819 633 4890 ⁸35,
647 4825 669 4880 C
687 4844 693 4877 :
708 4822 730 4878 el
744 4819 772 4879 dl
787 4820 905 4893 κάπηλός
950 4821 995 4882 καλ
1005 4822 1168 4881 παλιπωλιῗιν
1180 4824 1262 4897 Reg,
1277 4818 1328 4896 qui
1343 4826 1380 4886 ήο
1389 4814 1436 4887 τήν
1446 4838 1503 4875 οιιι.
1514 4857 1546 4869 -
1560 4829 1592 4888 ήι
1610 4820 1712 4897 λέγεται

136 4904 198 4959 ἐστι
211 4901 354 4980 πονηρίας,
375 4903 421 4961 καλ
434 4904 651 4983 παλιγκάπηλος,
667 4908 711 4966 καὶ
730 4908 904 4986 μιταόολεθς,
951 4908 979 4968 δά
999 4910 1044 4968 καλ
1062 4907 1119 4987 (καί
1134 4905 1299 4981 delendum)
1312 4902 1470 4981 μιταάολιὺς
1483 4911 1519 4967 V.
1530 4904 1635 4985 συνεχὲς
1649 4906 1712 4966 allel.

136 4993 185 5047 καὶ
201 4987 312 5065 peverel
326 4990 393 5068 ζυγά
406 4990 452 5049 καλ
464 4990 570 5071 σταθμά
586 4992 653 5072 ἔχων
668 4996 769 5068 πάντα,
786 4995 834 5055 ὅσα
849 4996 905 5055 πάι·
951 4998 1003 5057 ἀπὸ
1013 5002 1060 5057 τοῦ
1071 4998 1185 5074 συνεχῶς
1198 4992 1380 5071 μιταάιίλλιιν.
1394 4998 1612 5073 καταχρηστικῶς
1621 4995 1649 5055 δὲ
1664 5000 1708 5055 ιἰλΙ

137 5076 199 5133 ποτ’
223 5072 350 5155 ἔπραξεν,
377 5076 480 5137 όπόιλοι.
507 5085 573 5138 Jaru
598 5082 688 5141 nostri
711 5086 905 5159 grammatici,
926 5031 930 5178 ή
951 5085 1089 5157 ληνοίλλως
1100 5092 1166 5142 πᾶσι
1183 5090 1234 5147 τοῖς
1246 5078 1356 5157 ὀνόμασι
1365 5078 1491 5160 χρώμεθα
1510 5086 1578 5159 ch.
1591 5126 1621 5135 -
1635 5088 1670 5151 63
1686 5082 1713 5142 δὲ

138 5179 234 5237 qum
246 5162 449 5245 παλιγκάπηλον
466 5167 672 5245 οκγιοιιιιιιιτλν
686 5168 716 5227 ιθ
732 5170 796 5229 αὐτὸ
814 5172 858 5229 rel
872 5171 906 5229 ela
951 5170 1124 5255 παράπολιῗιν
1135 5173 1169 5227 V·
1185 5168 1213 5227 il
1225 5166 1296 5247 παρὰ
1304 5168 1408 5225 πολλῶν
1423 5173 1457 5225 ι’..
1489 5178 1491 5183 “

138 5248 207 5307 αὐτόν
217 5249 258 5308 tet
271 5250 434 5331 ἀγοράζοντα
444 5252 489 5310 καλ
503 5254 655 5328 πωλοῦντα,
671 5258 756 5315 talem
771 5260 906 5317 ridentur
986 5274 1004 5317 ἰ
1015 5261 1078 5335 159,
1096 5260 1141 5316 53.
1160 5257 1335 5317 Mercurium
1345 5255 1481 5333 ἡγεμόνιον
1497 5260 1603 5318 oraculi
1620 5260 1710 5317 motai-

1565 5380 1610 5433 at.
