4100 6109
338 486 393 537 ιιι
916 458 1103 521 εςιίοιιλ
1128 460 1171 517 ιΝ
1197 458 1354 519 PACEM.

337 603 491 686 Εὐριπίδεια
507 596 653 675 ἀντιλογίας
672 592 770 658 πολλὰς
791 590 846 669 ἔχει
866 587 911 647 καί
932 578 1115 666 δικαζομίνους
1157 585 1185 646 δῖ
1202 594 1292 661 τοῦτο,
1311 588 1379 647 ἀλλὰ
1400 589 1445 647 καὶ
1465 582 1528 648 όταν
1549 589 1699 668 βουλόμενοι
1718 592 1854 673 ἔφυόρῖσαι
1871 597 1919 655 τινα

337 692 457 771 εἰσάγει.)
994 684 1003 763 γ’
1157 675 1201 733 τὸν
1212 675 1291 753 μέσον
1305 675 1431 735 δάκτυλον
1446 677 1596 745 ἐντείνοντες
1609 678 1654 737 καί
1667 678 1726 747 τούς
1739 680 1842 749 λσιπούς
1853 688 1919 742 συνά-

378 801 426 841 ιω.
447 774 587 859 τρυγοίπου
599 791 607 832 :
620 765 817 848 Διυλιστῆροςῆ
832 764 999 843 πλέγματος,
1014 762 1075 821 ἔνθα
1087 763 1117 820 ἐκ
1158 784 1245 842 γοντες
1257 763 1373 831 δείξωσιν
1387 766 1482 845 αὐτῷ.)

338 874 383 929 τοὺ
397 870 477 939 ληνοῦ
491 860 611 922 εἰώθασιν
625 856 761 924 ίιιπιέζειν.
777 852 823 913 καλ
838 851 907 911 ἐστιν
924 856 941 923 ἡ
957 852 1042 909 εὐθεῖα
1055 847 1115 930 τρύ·
1198 870 1248 912 σοι.
1273 852 1319 929 (ὑις
1333 851 1436 931 τάχιστ’
1451 850 1513 911 ἄνευ
1530 852 1648 931 δορατίου
1662 874 1670 913 :
1686 854 1768 933 Παρδ
1781 853 1814 914 τά
1827 861 1869 914 τοὺ
1879 881 1921 917 τεο

312 975 427 1036 mm
441 946 685 1035 προπαροξυτόνως,
699 947 749 1023 οὐχ
764 947 778 1003 ὑ
795 938 950 1021 τρυγοίπης,
968 940 1004 1004 ῶς
1021 934 1118 995 σίονταί
1158 936 1240 1014 λέμου
1251 938 1332 998 κακά.
1346 937 1438 1017 πρώην
1455 937 1507 1018 γάρ
1524 938 1606 1006 οὐδείς
1617 939 1679 1019 δίχα
1694 940 1803 1021 σιδήρου
1822 941 1884 1020 ίξήει
1895 948 1946 1012 εἰς,

339 1068 413 1111 τινες.
430 1052 461 1099 V.
1159 1022 1203 1082 τὸν
1216 1024 1295 1105 ἆγρύν
1309 1025 1473 1107 *ὑφορώμενος
1486 1024 1544 1093 τούς
1559 1026 1712 1104 πολεμίους·
1728 1033 1775 1086 νῦν
1791 1027 1819 1086 δί
1836 1030 1923 1109 εἰρήνης

380 1126 541 1211 (προόατίων
552 1119 730 1205 βληχωμίνων
740 1140 747 1180 :
758 1116 846 1179 Πάλιν
856 1115 901 1175 ἐπί
910 1112 943 1173 τά
953 1116 1000 1184 τῆς
1010 1110 1119 1191 θοοορίος
1161 1110 1239 1183 οὔσης
1253 1111 1465 1193 παρακελεύεται
1477 1111 1514 1191 μὴ
1529 1114 1662 1193 βαστάσαι
1673 1114 1801 1194 σίδηρον.)

340 1217 519 1297 ἐπανίδραμεν
529 1209 656 1292 ἐγκώμια.
667 1210 706 1267 δεῖ
716 1200 759 1265 οὐν
770 1203 823 1263 άπδ
832 1208 919 1262 κσινοὺ
927 1195 1120 1276 νοεῖνὸτιμςτδι
1200 1216 1249 1257 σοι.
1270 1208 1372 1279 σαπρᾶς
1390 1218 1398 1259 :
1418 1202 1541 1267 Παλαιᾶς
1557 1200 1603 1258 καί
1622 1200 1745 1281 ἀρχαίας.
1771 1200 1871 1281 (κυρίως
1887 1203 1925 1278 μὲν

340 1308 392 1363 τῶν
406 1303 494 1363 ἄλλων
507 1303 616 1381 προεῖπε
629 1295 676 1357 καί
688 1300 733 1354 τοῦ
745 1292 860 1368 όδωδεν.)
1162 1284 1262 1365 σαπρδν
1273 1288 1297 1343 οῖ
1315 1286 1424 1345 παλαιοί
1438 1286 1526 1365 ίλιγον
1543 1287 1575 1347 τὸ
1588 1288 1703 1359 σεσηπδς
1719 1287 1764 1346 διὰ
1777 1288 1821 1346 τὀν
1838 1290 1925 1369 χρόνον

304 1402 328 1440 ιιι
381 1412 429 1451 5³0,
451 1389 558 1467 (κόλπου
576 1382 696 1465 γυναικὸς
712 1402 719 1442 :
735 1379 813 1441 Ἐπεί
829 1374 968 1451 ότανπσλὺ
983 1380 1058 1441 σταῖς
1074 1395 1120 1432 κο·
1161 1371 1402 1454 χρῶνταιδίαύτῷ
1413 1374 1459 1433 καὶ
1473 1374 1530 1432 ἀντὶ
1543 1380 1589 1433 τοὺ
1601 1374 1713 1455 ἀρχαίου
1726 1374 1774 1433 καί
1787 1377 1911 1454 παλαυνῖ.)
1938 1406 1958 1443 ν,

342 1480 461 1558 μίζωσιν,
473 1474 558 1554 ὀλίγον
569 1496 595 1531 τι
608 1468 779 1531 κολπώσασαι
791 1472 835 1525 ταῖ
849 1468 956 1544 χιτῶνος
969 1465 999 1522 ἐκ
1009 1456 1121 1541 περιζώ-
1202 1481 1251 1520 σοι.
1271 1460 1416 1529 παιωνίσας
1436 1482 1444 1520 τ
1468 1461 1617 1539 Εὐξάμενος
1634 1462 1680 1520 καὶ
1699 1463 1755 1527 τοῖς
1776 1467 1843 1529 θεοῖς
1862 1464 1928 1542 χάριν

344 1589 424 1643 ματος
434 1567 489 1623 ἐκεῖ
498 1559 648 1621 έντιθίασιν.
677 1554 784 1621 Ἄλλοος·
797 1548 922 1617 πολλάκις
932 1547 983 1629 γάρ
994 1551 1021 1607 lv
1031 1545 1120 1626 εἰρήνῃ
1163 1545 1338 1624 ὁμολογήσας.
1347 1545 1434 1606 παιόιν
1443 1548 1494 1628 γάρ
1505 1551 1574 1607 ἐστιν
1585 1548 1664 1625 ίιμνος
1675 1548 1879 1629 εὐχαριστήριος.

344 1654 395 1711 ὑπὸ
408 1651 520 1715 κόλπους
533 1644 638 1728 φέρουσί
656 1666 695 1716 τι,
713 1640 759 1700 καλ
776 1640 855 1698 πάλιν
871 1636 975 1719 εἰρήνης
992 1633 1072 1705 σὺσης
1090 1636 1119 1691 αί
1203 1652 1253 1693 οισ.
1277 1623 1308 1707 (όι
1317 1632 1422 1705 ποθεινὴ
1437 1654 1444 1694 :
1458 1637 1494 1693 Οἱ
1507 1635 1616 1716 γεωργοὶ
1626 1636 1711 1694 ταῦτά
1722 1635 1930 1716 wemmam

345 1746 465 1817 γυναῖκες
478 1736 560 1800 ἀδεῶς
569 1734 605 1799 είς
617 1730 676 1798 τούς
687 1725 780 1808 άγροὺς
794 1724 941 1805 ἐξέρχονται
955 1722 1001 1781 καί
1015 1720 1122 1779 άνθσλο-
1164 1720 1203 1798 τῷ
1212 1716 1380 1798 κηρύγματι.)

309 1842 333 1879 ιο
345 1831 443 1905 γοῖισιν.
455 1819 582 1903 γράφεται
596 1819 632 1885 είς
647 1814 729 1877 ίπνόν·
745 1812 816 1879 ίπνδς
830 1812 870 1885 δὲ,
885 1808 899 1871 θ
912 1814 988 1887 ἡμεῖς
1002 1806 1122 1884 καμίνιον
1204 1826 1252 1864 σοι.
1274 1803 1367 1883 θςεγύι
1378 1804 1494 1886 ’φύτευον
1505 1808 1629 1886 νεώτερος
1640 1826 1648 1867 :
1661 1804 1878 1888 Περισπούδαστα
1887 1806 1929 1888 γάρ
1942 1840 1960 1877 γ,

345 1912 497 1989 καλοῦμεν)
1164 1900 1216 1958 πᾶς
1233 1896 1336 1970 ἡγεῖται
1350 1891 1418 1974 άπερ
1435 1893 1466 1952 ἂν
1482 1895 1558 1961 αὐτὸς
1571 1895 1725 1975 ἐργάσηται.
1741 1893 1787 1953 διὰ
1805 1896 1891 1954 τούτου
1909 1898 1930 1953 δὲ

386 2018 435 2058 σοι.
458 1994 550 2066 δούλης
564 1988 706 2071 μεθυούσης
722 2009 729 2049 ι
744 1984 892 2067 Ὑπερόολι)
905 1982 1016 2063 εὐωχίας
1027 1982 1067 2040 ότι
1077 1978 1123 2039 καί
1165 1977 1209 2036 τὸν
1228 1978 1310 2037 πολὺν
1322 1984 1368 2038 τοῦ
1381 1984 1498 2059 πολέμου
1509 1980 1602 2061 χρόνω
1616 1983 1710 2054 δηλοῖ,
1718 1982 1761 2041 ότι
1777 1986 1894 2064 νεώτερος
1903 1983 1931 2041 ὧν

346 2090 370 2147 οί
385 2086 471 2144 δοῦλοι
483 2081 620 2161 μεθύουσιν
633 2078 672 2157 (ἐν
686 2074 797 2157 εἰρήνῃ).
1166 2065 1288 2145 ἐφύτευσε
1303 2065 1350 2133 τίς
1360 2077 1457 2145 συκᾶς,
1470 2068 1500 2136 ἃς
1511 2072 1558 2127 οὐκ
1571 2060 1623 2127 εῖδε
1636 2068 1767 2149 γηράσας.
1780 2072 1883 2131 καὶούκ
1894 2075 1932 2148 άρ

385 2166 614 2249 ἀνατετραμμένου
621 2162 689 2244 χοώς
701 2183 708 2223 :
722 2158 935 2240 ιἰνακαμφθέντος
945 2156 962 2228 ἢ
971 2152 1124 2219 κινωθέντος
1166 2152 1265 2219 κεσθείς
1278 2153 1362 2235 τούτῳ
1375 2156 1492 2233 ἐπήγαγε
1502 2158 1640 2237 πολλοστῷ
1651 2157 1748 2239 χρόνῳ.
1991 2219 1993 2250 γ

307 2272 333 2311 οι)
347 2262 382 2325 είς
396 2262 455 2336 γῆν,
469 2260 503 2322 όις
518 2258 543 2314 οἱ
560 2256 586 2313 ἐν
606 2254 658 2319 τοῖς
673 2248 760 2316 πότοις
780 2246 956 2329 σφαλλόμενοι
975 2242 1026 2302 ὑπὸ
1045 2240 1125 2319 μέθης
1206 2261 1256 2301 σοι.
1276 2240 1323 2307 τίς
1332 2243 1454 2322 γοργόνας
1464 2263 1472 2303 :
1483 2246 1553 2319 (Πᾶν
1563 2249 1653 2310 σκεῦος
1661 2245 1777 2323 ἁρμόζον
1785 2247 1813 2303 ἐν
1819 2246 1931 2324 πολέμῳζ·
1942 2283 1962 2319 ,,
1991 2311 1992 2322 γ

347 2348 374 2404 ἐν
388 2349 426 2426 τῷ
441 2342 575 2421 ὑπηρετεῖν
590 2338 608 2409 ἢ
622 2336 724 2406 παίζειν
739 2334 773 2393 τδι
785 2338 895 2393 τοιαῦτα
913 2330 1018 2389 εἰώθασι
1032 2336 1124 2387 ποιεῖν.
1169 2362 1205 2371 -
1215 2332 1298 2386 ταῦτα
1307 2330 1388 2388 πάλιν
1397 2333 1432 2396 εἷς
1445 2330 1484 2389 τόν
1494 2331 1624 2410 Λάμαχον
1634 2331 1787 2391 αἰνίττεται.
1800 2344 1829 2390 R.
1841 2346 1871 2390 v.
1991 2341 1992 2348 ’

386 2452 435 2492 σοι.
459 2429 555 2509 (ἄλλων
572 2428 676 2485 πολλῶν
697 2444 704 2483 :
725 2420 801 2483 Μετδι
813 2422 843 2480 τδ
861 2418 930 2479 κατδι
948 2417 1024 2499 μέρος
1038 2415 1125 2474 πάντα
1208 2436 1256 2475 σοι.
1277 2407 1323 2475 εἶθ’
1342 2416 1414 2486 ὅπως
1432 2420 1615 2497 λιταργιοὺμεν
1631 2439 1639 2479 :
1658 2410 1734 2497 (Εἶτα
1750 2420 1821 2497 μετὰ
1832 2420 1860 2478 τὸ
1872 2420 1933 2486 εὔξε-
1992 2418 1994 2449 ί

348 2518 429 2577 είπεῖν
443 2515 560 2593 ἐπήγαγε
574 2512 619 2571 καλ
632 2511 663 2571 τὸ
676 2508 786 2587 γενικδν,
800 2506 844 2567 ίνα
859 2506 904 2566 καί
920 2504 1006 2565 ἄλλων
1021 2504 1126 2563 πολλῶν
1168 2512 1270 2588 coms,
1282 2512 1356 2591 οςῳ)
1369 2535 1426 2571 αντ,
1436 2535 1482 2571 το,
1495 2510 1622 2581 Μόνη
1631 2512 1815 2594 Bpapwssgztou.
1827 2514 1934 2593 (ψῃ,

349 2604 424 2675 δόξαν
439 2603 630 2684 παράσχηται.)
1168 2592 1227 2652 λίαν
1236 2597 1333 2676 ἀργόν.)

310 2712 335 2749 νο
388 2712 437 2752 σοι.
459 2686 641 2767 άπλουστέρως
657 2682 790 2743 ίιιδεκτόον
809 2688 892 2741 τοῦτο·
909 2679 964 2739 ἐστι
980 2677 1031 2759 γάρ
1044 2680 1071 2738 ἐν
1083 2678 1127 2735 οὐ·
1208 2703 1257 2742 ιον.
1279 2685 1455 2764 ἀγοράσαντες
1464 2687 1593 2767 χρήσιμόν
1604 2710 1640 2747 τι.
1653 2699 1682 2747 R.
1944 2714 1963 2749 ο

352 2783 421 2861 ρονῷ
435 2776 469 2837 οὐ
482 2774 638 2857 πράγματα·
654 2783 685 2831 V·
1210 2790 1259 2831 ⁶⁶⁴·
1281 2761 1303 2836 ά)
1318 2772 1445 2834 Πόσειδον
1461 2794 1468 2833 :
1488 2773 1522 2835 ‘0
1536 2774 1638 2855 Ἑρμῆς
1654 2778 1721 2853 δρῶν
1739 2774 1801 2841 τούς
1819 2774 1935 2855 ἀγροίκως

388 2886 436 2925 ιιι.
459 2860 674 2944 (ὑπωπιασμέναι
688 2881 696 2921 :
715 2860 839 2940 Σφοδρῶς
857 2857 999 2935 πληγεῖσαι
1016 2852 1067 2912 ὑπὸ
1080 2856 1127 2911 τοῦ
1171 2860 1206 2925 είς
1216 2858 1295 2940 άγρδν
1307 2860 1420 2929 ἐξιόντας
1429 2861 1494 2943 φησί
1504 2852 1565 2921 τδῶ
1575 2850 1712 2923 Πόσειδονζ

349 2952 467 3031 πολέμου
482 2951 542 3032 περὶ
554 2948 589 3009 τά
603 2947 725 3019 ὑπώπια,
744 2946 760 3005 ά
778 2950 847 3005 ἐστιν
865 2943 915 3003 ὑπὸ
930 2946 981 3001 τῶν
997 2942 1081 3024 ό)εων
1095 2940 1129 3000 τά
1210 2966 1258 3005 σοι.
1281 2949 1335 3024 (καί
1347 2948 1440 3028 γοργὸν
1453 2969 1460 3007 :
1474 2948 1552 3009 Ἐπεί
1568 2948 1611 3007 διδ
1626 2947 1720 3029 χρόνου
1735 2948 1935 3018 &16ch-

350 3040 492 3119 ὀγκώματα
509 3037 554 3097 καί
572 3034 739 3117 κρούσματα,
754 3032 821 3115 άπερ
837 3031 964 3113 κορδύλας
979 3029 1076 3111 φασίν.)
1091 3071 1127 3082 ...
1171 3032 1234 3109 δον.)

311 3148 338 3188 ιιι
352 3127 394 3187 διδ
406 3125 451 3187 τοὺ
466 3124 639 3194 ἁπαξάπασαι
650 3122 730 3181 πάλιν
743 3119 802 3188 τούς
816 3118 964 3192 Ἄθηναίους
977 3117 1128 3198 θεραπεύει,
1211 3125 1282 3197 μᾶζα
1303 3122 1348 3181 χαὶ
1367 3122 1511 3183 mm&
1533 3144 1542 3183 :
1562 3122 1714 3185 nomenata
1734 3128 1754 3195 ἦ
1777 3122 1884 3204 καρὰ),
1900 3124 1935 3180 η’,
1946 3156 1964 3193 3

350 3215 393 3275 ίνα
406 3215 444 3293 μὴ
458 3206 529 3274 οὑτοι
541 3212 618 3291 μόνον
630 3209 699 3270 ἀλλδι
710 3211 755 3270 καί
770 3208 865 3275 πάντες
880 3206 1034 3267 ἐπταικέναι
1048 3205 1127 3274 δόξω·
1171 3206 1283 3266 παντοία
1292 3208 1398 3289 εὐωχία.
1411 3214 1481 3288 μάζα
1491 3210 1520 3269 δέ
1528 3213 1598 3270 ἐστιν
1607 3215 1622 3270 ὑ
1631 3210 1757 3292 στρυφνὸς
1768 3210 1851 3291 άρτος.
1886 3209 1936 3269 Ἄλ-

352 3328 403 3381 ow,
423 3302 509 3371 ἄλλως
525 3324 552 3359 το
571 3299 616 3359 κοί
637 3298 743 3370 οὗίηοῑς
763 3304 808 3357 τοῦ
829 3302 926 3367 κακῶν
949 3298 972 3355 ῑί
993 3294 1031 3373 μθ
1054 3292 1131 3374 μέρος
1171 3295 1231 3361 W·
1244 3292 1307 3355 ὅταν
1320 3295 1372 3377 γάρ
1390 3300 1426 3364 τίς
1439 3297 1524 3357 κοινόν
1540 3302 1692 3370 ἑστιῶνται,
1709 3298 1823 3357 ἑκάστου
1836 3296 1937 3377 φέροντα

352 3388 450 3469 ἐόλαψε
467 3392 519 3447 τῶν
538 3386 673 3459 Ἑλλήνων
692 3389 707 3443 δ
723 3384 849 3461 πόλεμος,
869 3382 927 3441 ἀλλ’
945 3383 1036 3449 ἁπλῶς
1049 3383 1130 3440 εἰπεῖν
1173 3384 1257 3462 ἑαυτῷ
1267 3383 1377 3457 δεῖπνον,
1386 3380 1472 3443 πυκνά
1482 3382 1588 3463 (πάντα)
1597 3382 1937 3467 φαίνεται,τιῇρέντδπροσ·

353 3476 456 3544 ἁπάσας
467 3474 512 3543 τάς
522 3474 619 3541 πόλεις.
631 3486 663 3533 V.
1173 3467 1254 3549 φάγια
1275 3471 1412 3551 φερόντων,
1423 3476 1463 3552 πῇ
1477 3470 1505 3545 δὲ
1523 3476 1608 3531 αὐτῶν
1629 3471 1805 3550 ἑστιωμένων.
1843 3469 1938 3533 Ἄλλως.

313 3592 341 3632 οε
394 3583 442 3625 ⁵⁴2.
462 3563 508 3621 καλ
519 3561 643 3629 κυάθοιςῖ
660 3561 722 3627 Τοῖς
735 3558 838 3625 κυάθοις
850 3558 1000 3639 προσθλῶσι
1013 3556 1047 3615 πθ
1060 3554 1130 3615 ὑπώ-
1173 3556 1237 3637 φασί
1249 3555 1300 3636 γάρ
1312 3567 1364 3616 πᾶν
1376 3560 1488 3633 δεῖπνον,
1502 3563 1529 3618 ἐν
1543 3552 1566 3641 ᾧ
1579 3559 1688 3627 ἕκαστος
1703 3562 1778 3639 αὐτῷ
1791 3559 1965 3634 κοριίζωνείς,Ι

352 3674 409 3709 πια.
419 3648 476 3709 ἐπεὶ
487 3652 514 3709 ίν
522 3648 659 3729 όξυόάφοις
669 3647 776 3727 χαλκοῖς
785 3641 819 3705 τά
828 3644 937 3704 ὑπώπια
949 3642 1132 3723 άνατρίόοντες
1173 3644 1258 3702 κοινδν
1275 3646 1444 3704 κατατίθεται
1459 3646 1505 3705 καί
1518 3646 1614 3715 πάντες
1627 3646 1733 3705 πάντων
1747 3644 1896 3723 μετέχωσι.
1907 3644 1939 3719 (τό

352 3736 369 3807 ἢ
382 3734 504 3802 τοιούτοις
511 3735 582 3795 τισίν
594 3738 680 3809 ἀφανῆ
694 3738 805 3792 ποιοῦσι.
822 3766 858 3777 -
871 3730 917 3790 καί
934 3728 1132 3810 Ἀπολλοφάνης
1174 3730 1202 3789 δί
1213 3736 1301 3813 στῖφος
1315 3736 1400 3792 αὐτῶν
1414 3733 1510 3803 εἰκάζει
1524 3734 1642 3814 ἀλφίτοις
1653 3733 1698 3793 καί
1713 3733 1787 3811 μάζῃ
1804 3732 1847 3791 διά
1859 3730 1887 3790 τὸ
1898 3754 1938 3788 τυ

353 3828 380 3883 ἐν
390 3822 541 3904 Ἰφιγίροντι
554 3849 566 3875 ο
580 3821 675 3881 κύαθον
686 3819 799 3897 λάθοιμι
808 3826 862 3887 τοῖς
876 3816 1011 3885 ὑπωπίοις.
1028 3845 1039 3867 ν
1054 3828 1084 3876 R.
1100 3829 1131 3874 V.
1174 3816 1242 3876 κνόν.
1252 3828 1298 3877 καί
1308 3819 1398 3891 ἐπειδὴ
1408 3826 1580 3893 πυκνοῦνται,
1592 3820 1656 3879 ὅπου
1666 3820 1715 3897 μὲν
1724 3818 1761 3878 τά
1771 3820 1876 3901 ἄλφιτα,
1886 3818 1939 3876 όταν

356 3910 471 3985 (Ἄλλως.
481 3909 599 3987 ὀξύύοιφα
609 3912 699 3988 χαλκᾶ
708 3906 876 3989 πυρώσοντες
886 3907 931 3966 καί
943 3904 1071 3974 ἐπιθέντες
1082 3908 1133 3965 zos·
1175 3904 1201 3961 δὲ
1216 3907 1240 3962 οί
1249 3904 1415 3983 Ιἑστιώμενοι.
1433 3906 1592 3966 πανδαισίαν
1611 3896 1639 3965 δί
1652 3904 1700 3977 τήν
1718 3907 1842 3977 ποικίλην
1857 3906 1899 3964 καί
1914 3909 1939 3963 ἐκ

315 4024 343 4063 ςο
357 3997 467 4078 ράπευον
476 3995 533 4063 τούς
543 3998 633 4055 ἐκτῶν
645 3998 752 4073 πληγῶν
765 3992 921 4071 μώλωπας.)
1175 3992 1304 4073 διαφόρων
1317 3994 1388 4075 όψοιν
1402 3995 1523 4074 εὐωχίαν,
1538 3996 1601 4053 όταν
1620 3994 1727 4061 ἕκαστος
1739 3992 1775 4053 τά
1794 3998 1884 4053 {ame
1897 3993 1939 4070 ἶφι
1951 4035 1963 4061 ,.

398 4087 466 4163 (σοι).
487 4082 529 4141 ίνα
537 4086 618 4165 γνῷςε
632 4080 692 4143 Ἵνα
706 4082 826 4161 [διαγνζῖις
837 4079 894 4158 καί]
907 4079 1040 4159 διακρίνῃς
1048 4082 1078 4138 ἐκ
1086 4085 1132 4138 τοῦ
1176 4078 1300 4157 άνενέγκῃ
1318 4080 1364 4139 καί
1383 4086 1496 4152 καθῆται
1516 4083 1552 4149 εἰς
1570 4082 1601 4141 τό
1618 4079 1745 4153 κοινὸν,ἢ
1768 4081 1832 4140 όταν
1849 4082 1940 4138 πολλῶν

355 4172 460 4254 ίλαροὺς
479 4158 544 4230 ι’ίναι
560 4170 605 4229 καί
625 4170 762 4251 κατηφεῖς,
779 4167 855 4227 ποίοιν
875 4190 913 4234 τις
932 4168 1017 4226 αὐτῶν
1038 4164 1133 4245 τέχνην
1175 4166 1351 4244 προκειμένων
1362 4168 1511 4245 ίδεσμάτων
1521 4168 1592 4247 λάόῃ
1603 4168 1665 4235 τιςδ
1676 4168 1753 4228 θέλει.
1769 4166 1834 4227 οίδέ
1844 4170 1938 4225 πανδαι-

355 4258 572 4342 μεταχειρίζεται.
594 4261 617 4317 οί
641 4256 688 4334 μὲν
709 4255 759 4336 γάρ
781 4255 814 4313 τά
843 4252 973 4331 πολεμικά
995 4256 1133 4321 ἀσκοῦντες
1175 4254 1235 4312 σίαν
1243 4254 1358 4334 λάχανόν
1367 4256 1478 4334 τι,ἔχον
1489 4258 1610 4315 παντοῖον
1622 4255 1812 4333 ίδεσμα.τδδὲ
1823 4254 1888 4324 ὅλον,
1897 4277 1938 4310 τι

355 4348 493 4429 αχθόμενοι
501 4346 553 4413 τοῖς
565 4343 754 4426 παροῦσιν,καί
761 4342 800 4401 ότι
814 4342 888 4422 άργοί
898 4340 1014 4418 ἔσονται,
1029 4342 1134 4420 στυγναί
1175 4342 1234 4399 κνὸν
1245 4332 1289 4400 οὐν
1300 4343 1389 4425 ὥσπερ
1399 4348 1469 4421 μᾶζα
1479 4344 1525 4402 καί
1533 4344 1696 4421 πανδαισία.)

304 4454 344 4495 ἰο
356 4431 446 4505 είοινῆ
459 4434 598 4514 κατηφεῖς,
610 4435 633 4490 σί
643 4431 670 4490 δὲ
679 4430 713 4489 τδι
724 4428 841 4511 εἰρηνικά
853 4428 949 4510 ἱλαροί.
1216 4451 1263 4490 εοο.
1284 4436 1302 4502 ἡ
1321 4432 1372 4513 γάρ
1386 4439 1471 4513 σφῦρα
1492 4453 1499 4491 :
1521 4436 1624 4503 Νοῆσαι
1637 4434 1677 4491 δεῖ
1693 4432 1737 4491 τόν
1757 4430 1836 4511 χορόν
1854 4427 1939 4509 σφύρας
1952 4478 1964 4509 ,Ι

396 4540 445 4582 σοι.
466 4518 576 4579 τίλλονθ’
588 4519 677 4578 ἑαυτὸν
690 4540 697 4579 :
710 4518 816 4578 Τίλλειν
827 4517 917 4576 ἑαυτὸν
927 4516 1031 4594 λέγεται
1043 4516 1132 4576 αὐτῶν
1176 4516 1285 4597 ἔχοντα,
1295 4510 1336 4585 αἷς
1347 4522 1540 4597 βωλοκσποὺσι,
1549 4521 1595 4579 καί
1606 4518 1728 4601 θρίνακας
1736 4520 1783 4578 καὶ
1792 4516 1871 4588 σκεύη
1882 4518 1939 4573 αλια

358 4612 450 4667 ἑαυτοῦ
460 4610 557 4689 τριχῶν
570 4604 794 4684 ἐπιλαμόάνεσθαι
806 4604 851 4665 καί
863 4604 1020 4686 σπαράττειν
1031 4603 1077 4671 τδις
1088 4604 1133 4664 κό-
1176 4604 1321 4685 γεωργικά,
1333 4607 1366 4665 δι’
1378 4599 1414 4666 ῶν
1426 4605 1472 4675 τάς
1484 4606 1582 4686 βώλους
1591 4612 1638 4677 τῆς
1646 4612 1693 4684 γῆς
1705 4606 1815 4684 ἔμελλον
1826 4603 1939 4685 θραύοιεν,

358 4718 417 4773 μας.
431 4694 639 4777 προσφορώτατα
655 4683 699 4751 οὐν
713 4694 756 4752 τὸν
769 4692 908 4773 λοφοποιὸν
922 4716 954 4771 τη
971 4695 1073 4773 κεφαλῇ
1088 4692 1133 4752 καί
1216 4714 1263 4754 σοι.
1285 4694 1402 4775 θρίνακες
1421 4716 1428 4754 :
1448 4695 1492 4755 Τά
1509 4694 1592 4767 πτύα,
1615 4696 1758 4776 (ἐργαλεῖον
1777 4686 1801 4775 ᾧ
1819 4687 1940 4771 άποχωρί·

358 4790 414 4848 ταῖς
427 4780 507 4863 θριξίν
519 4782 597 4839 αὐτοῦ
610 4780 716 4851 ἐποίησε
727 4778 892 4857 λωόώμενον,
904 4779 960 4838 ἐπεί
974 4780 1019 4838 καὶ
1032 4784 1046 4838 ό
1057 4779 1134 4861 λόφος
1177 4785 1248 4849 ζουσι
1261 4785 1313 4840 τῶν
1328 4783 1486 4863 σπερμάτων
1499 4782 1533 4840 τά
1546 4781 1653 4861 ἄχυρα.)
1664 4779 1804 4863 [παρέοικε
1816 4780 1842 4837 δέ
1856 4780 1882 4837 ἐν
1895 4778 1941 4837 ταῖς

320 4886 346 4924 ⁶⁰
359 4872 404 4939 τῆς
415 4870 530 4948 κεφαλῆς
541 4866 597 4925 ίοτλ
609 4866 808 4948 σκεπαστήριον.
1177 4867 1261 4927 άλωσι
1281 4869 1345 4950 πρὸς
1357 4869 1402 4928 τὸν
1416 4869 1520 4947 άνεμον.
1540 4870 1676 4950 ἐπαίρουσι
1690 4866 1719 4927 δέ
1735 4867 1770 4927 τά
1784 4868 1869 4946 άχυρα
1885 4864 1941 4939 ὑπὲρ
1951 4906 1970 4943 51¹

398 4975 446 5013 σοι.
468 4952 620 5031 ἕσκιμάλισε
643 4974 650 5013 ;
670 4957 695 5014 Τ
696 4978 717 5035 ιρι
737 4954 811 5033 μέσῳ
830 4953 952 5035 δακτύλῳ
970 4956 1135 5034 συναρμόσας
1176 4949 1959 5037 τσύάποπτῆναικαίκαθαρισθῆναιτδνπυρὸνῆτδςκριθάς»

359 5041 401 5099 τὸν
418 5040 500 5120 μέγαν
513 5040 558 5100 καί
571 5040 671 5112 πλήξας
684 5040 823 5122 ἰφυύρίζει.
886 5041 1002 5117 (Ἄλλως.
1018 5043 1134 5103 άντίτόῠ
1176 5041 1271 5112 ἢάλλσ
1281 5068 1306 5101 τι
1317 5049 1369 5102 τῶν
1383 5044 1505 5104 τοιούτοιν
1516 5042 1709 5124 γεννημάτων]

359 5127 575 5189 κατεδακτύλισε·
600 5128 754 5205 σκιμαλίσαι
776 5127 826 5209 γάρ
848 5130 905 5205 Ιἐστι
923 5129 1018 5210 κυρίως
1040 5130 1070 5201 τύ
1089 5131 1133 5189 τόν
1216 5153 1265 5193 σου.
1287 5131 1423 5211 μετόρχιον
1436 5154 1443 5191 :
1457 5136 1482 5192 Τ
1483 5132 1496 5190 δ
1511 5132 1607 5209 μεταξύ
1615 5137 1667 5191 τῶν
1678 5132 1773 5211 όρχων.
1784 5131 1856 5211 όρχοι
1865 5126 1889 5185 δὲ
1900 5148 1940 5182 κε·

358 5216 483 5283 ,δάκτυλοί
497 5218 532 5283 οἷς
550 5216 721 5297 τθνπροικτύν
736 5222 779 5275 τοῦ
795 5215 881 5297 ὀρνέου
897 5218 994 5294 βαλεῖν.
1008 5220 1038 5275 οὐ
1055 5218 1133 5295 μόνον
1176 5218 1326 5279 λούνταιτδ
1341 5220 1409 5298 μέσα
1424 5224 1474 5278 τῶν
1487 5223 1580 5279 ἐλαιῶν
1595 5221 1638 5278 καὶ
1652 5224 1703 5279 τῶν
1715 5220 1849 5297 άμπελων.
1888 5215 1940 5272 ¹3).-
