4100 6109
313 490 349 534 ss
899 455 1092 520 ευιιοιικ
1120 461 1159 519 ια
1188 457 1339 520 Num.

314 631 372 674 ποις
384 601 546 684 μυστηρίων,
559 599 615 658 δθεν
630 597 674 656 καί
691 595 763 676 παρὰ
779 593 921 670 Ῥωμαίοις
937 591 1040 673 Βένερις
1054 615 1098 670 γε·
1145 593 1193 665 τήν
1210 591 1300 672 μάχην
1324 595 1358 660 εἰς
1375 595 1526 673 Μαραθῶνα
1547 591 1592 650 καί
1609 593 1763 674 ἀριστεύσας
1784 590 1850 654 κατά
1869 595 1914 656 τῶν

313 668 425 776 νετρίκις
434 695 461 750 ἐν
476 697 531 755 τοῖς
541 685 632 767 ’φόροις
641 681 721 744 ἐστίν.
735 680 791 740 ὅθεν
806 681 852 739 καί
865 683 892 739 ἐν
905 679 1037 758 δευτέραις
1046 681 1101 738 Θε-
1147 680 1287 762 βαρόάρων
1298 681 1352 762 τρίς
1363 673 1501 759 Ὀλύμπια
1513 679 1621 752 νικήσας
1632 680 1731 761 ἀρματι
1744 681 1789 740 τδν
1798 682 1850 742 υίδν
1862 687 1916 743 ἐκά-

314 775 548 861 σμοφοριαζούσαις
575 774 785 850 [ίιυοιγείειτοῖιε
799 768 889 846 initia]
915 766 1101 847 Ἀριστοφάνης
1144 771 1218 829 λεσεν
1241 768 1399 830 Ἱππόνικον.
1421 769 1536 848 (λέγεται
1556 769 1584 827 δέ
1606 775 1697 828 τοῦτον
1710 771 1858 840 πλουτῆσαι
1871 775 1918 850 μά-

315 865 447 945 μέμνηται
457 871 549 937 τοῦτο,
563 859 632 920 οὕτω
645 883 696 918 που
707 858 791 936 λέγων
802 885 814 909 ι
830 855 889 915 ἀλλ’
901 857 973 923 εἴτις
984 857 1020 921 εἰς
1036 859 1101 934 βακ-
1145 860 1236 928 λιστα,
1252 855 1424 936 αἰχμαλώτου
1438 857 1505 924 τινὸς
1523 859 1549 916 ἐν
1564 861 1597 936 τῇ
1616 855 1691 937 μάχῃ
1712 859 1765 917 τῶν
1785 853 1917 940 βαρόάρων

287 975 326 1012 οι
339 964 409 1034 χεῖον
425 951 505 1018 αθτδς
529 949 651 1008 ἐκάλεσεν
670 946 688 1018 ἢ
706 949 742 1012 εἷς
757 943 845 1012 Πανός
864 940 882 1013 ἢ
901 941 944 998 ἐπὶ
967 941 1102 1008 Κωλιάδος
1145 944 1330 1024 προσελθόντος
1344 945 1471 1025 αὐτῷκαὶ
1489 943 1651 1024 μηνύσαντος
1669 944 1800 1029 θησαυρόν
1821 947 1863 1006 ἐπὶ
1877 973 1939 1025 γει-ε

315 1072 326 1094 ε
343 1038 530 1107 Γενετυλλίδος.
544 1067 555 1088 ν
570 1051 600 1097 v.
1147 1035 1213 1112 τθῷ·
1231 1030 1259 1090 δν
1284 1033 1329 1091 καῖ
1351 1033 1429 1092 αθτδν
1450 1031 1556 1116 ὕστερον
1575 1032 1725 1094 ἀπέκτεινεν
1749 1038 1764 1094 ό
1789 1035 1920 1104 Καλλίας]

354 1153 388 1188 τη
410 1133 439 1188 οὐ
449 1127 502 1206 μὴν
509 1131 559 1209 ἐρῶ
569 1134 607 1204 γ’,
618 1130 653 1192 ὡς
665 1122 758 1204 ἀργδς,
771 1121 829 1180 ἀλλ’
839 1119 941 1179 ἐσπάθα
956 1138 963 1178 :
977 1117 1064 1198 [Πρὸς
1073 1117 1103 1176 τὸ
1148 1119 1302 1188 Ξάνθιππος
1317 1121 1363 1199 μὲν
1379 1113 1423 1181 οῦν
1440 1121 1540 1200 ἐγένετο
1559 1117 1716 1204 Περικλέους
1733 1122 1834 1204 πατήρ.
1856 1123 1922 1184 οὐδέν

316 1218 405 1298 ἀργὸς,
420 1215 536 1276 ἐσπάθα·
554 1216 600 1275 καί
615 1218 692 1272 τοῦτο
712 1207 921 1290 εἰρωνευόμενος·
937 1203 996 1286 περί
1010 1225 1102 1284 γυναι·
1148 1207 1175 1266 δέ
1187 1215 1232 1267 νῦν
1245 1209 1309 1290 πρὸς
1321 1211 1399 1269 αὐτὸν
1416 1213 1578 1270 ἐπικοινωνεῖ
1601 1211 1632 1270 τδ
1645 1209 1796 1290 λεγόμενον,
1816 1211 1891 1290 (πλὴν
1903 1216 1924 1272 εἰ

315 1309 359 1375 κδς
371 1307 398 1365 δέ
411 1304 489 1384 λέγει·
503 1303 562 1362 ἀντὶ
573 1301 634 1382 τοῦ]
647 1298 823 1369 κατανήλισκε
836 1295 881 1354 καί
895 1294 1035 1366 κατήσθιε·
1050 1293 1103 1371 (διὰ
1148 1294 1186 1373 μή
1206 1295 1257 1377 ἀρα
1277 1295 1319 1355 διά
1336 1297 1481 1378 Κοισύραν,
1499 1299 1531 1370 ἣν
1551 1297 1649 1380 ἐφαμεν
1664 1299 1760 1371 δούλην
1780 1283 1861 1358 οῦσαν
1878 1325 1925 1378 μη-

278 1424 302 1462 ηι
315 1402 393 1455 τοῦτο
408 1385 479 1452 εἶπεν
492 1395 540 1450 οὐκ
552 1390 630 1470 ἀργός
643 1381 695 1466 ήν).
708 1390 810 1446 σπαθᾶν
828 1383 855 1442 δέ
868 1383 898 1442 τδ
916 1385 1027 1464 ἀφειδῶς
1040 1385 1104 1441 ἀνα·
1147 1383 1210 1464 τέρα
1221 1383 1341 1460 γενέσθαι
1350 1391 1394 1444 τοῦ
1407 1385 1586 1464 Μεγακλέους,
1600 1387 1629 1446 τδ
1639 1385 1723 1465 όνομα
1734 1385 1923 1448 τδΞανθίππου
1938 1417 1959 1459 μ
2024 1409 2025 1442 f

316 1484 414 1543 λίσκειν
426 1481 472 1540 καί
486 1477 560 1559 παρὰ
574 1480 627 1544 τοῖς
650 1476 771 1558 ρήτορσιν
788 1472 891 1554 εἴρηται
907 1470 1049 1538 πολλάκις·
1063 1474 1103 1530 οἰ·
1148 1471 1303 1554 παρείληφε.
1320 1471 1476 1555 παρῴδηται
1485 1473 1513 1534 δέ
1520 1475 1550 1534 τό
1562 1475 1737 1556 Περικλέους,
1753 1475 1926 1555 Μεγακλέους,

317 1572 393 1638 κείως
407 1566 617 1649 δένῦντῇλίξει
631 1564 764 1645 ἐχρήσατο
784 1562 828 1621 ἐπὶ
842 1560 972 1639 γυναικός.
992 1560 1038 1626 καί
1053 1557 1104 1640 γάρ
1148 1565 1182 1629 ὡς
1195 1560 1226 1620 δν
1248 1561 1389 1639 δυνάμενον
1407 1562 1543 1645 ἀμφότερα
1566 1564 1670 1636 δηλοῦν.
1696 1563 1791 1644 δριμέα
1815 1563 1865 1646 γὰρ
1885 1565 1927 1623 καί
2025 1621 2026 1624 ,

317 1662 361 1719 ἐπὶ
379 1663 430 1718 τῶν
450 1654 629 1738 ύφαινομένων
649 1648 791 1734 [ἱματίων]
810 1648 922 1727 λέγομεν
936 1653 1053 1718 σπαθᾶν,
1074 1647 1104 1705 τὸ
1150 1652 1241 1708 ἀστεῖα
1255 1648 1288 1708 τδι
1301 1655 1347 1722 τῆς
1359 1648 1498 1729 κιυμεμδίοις
1511 1650 1682 1730 σκώμματα.)

319 1750 385 1825 ἄγαν
395 1746 496 1827 κρούειν
509 1743 558 1816 τήν
567 1741 674 1823 κρόκην,
687 1739 763 1818 (ὥστε
773 1737 937 1818 προκαθίζειν
949 1736 994 1796 καί
1003 1733 1104 1808 πολλὴν
1189 1757 1224 1797 ου.
1253 1735 1317 1803 τέως
1343 1757 1350 1798 :
1377 1736 1466 1821 Μέχρι
1483 1735 1560 1806 τινός.
1585 1741 1624 1820 τῷ
1649 1737 1752 1820 χρόνῳ,
1777 1738 1861 1817 μόλις.
1887 1750 1928 1797 Br.

281 1872 305 1909 ῃ,
320 1837 367 1894 αέν
384 1832 533 1893 ἀναλίσκειν
553 1830 659 1902 κρόκην,
677 1826 849 1907 ἰσχυροτέραν
869 1825 896 1883 δέ
911 1823 1105 1904 ἀπεργάζεσθαι
1150 1824 1292 1906 ἐκρινόμεθ’
1313 1846 1321 1885 :
1344 1823 1580 1907 ἐφιλονεικούμεθα.
1606 1839 1636 1887 R.
1655 1827 1698 1887 ἐπὶ
1719 1826 1801 1886 πολύν
1822 1823 1869 1904 μέν
1889 1817 1928 1885 οῦν
1942 1854 1962 1896 1⁵

318 1899 366 1994 τὴν
383 1921 459 2003 ὑφήν.
475 1919 584 1979 δύναται
604 1917 651 1994 μέν
664 1906 708 1973 οῦν
722 1915 753 1973 τὸ
768 1918 871 1973 σπαθᾶν
886 1914 927 1970 ἐπ’
950 1907 1104 1993 ἀμφοτέρων
1150 1912 1242 1995 χρόνον
1256 1913 1443 1996 διεφερόμεθα,
1455 1913 1623 1993 ἐμαχόμεθα,
1637 1912 1928 1995 διημφισόητοῦμεν.ν.

319 2014 442 2071 νοεῖσθαι.
453 2009 492 2068 ότι
507 2008 535 2066 δὲ
549 2014 593 2066 νῦν
608 2006 653 2066 ἐπὶ
663 2009 714 2063 τῶν
725 2002 813 2063 πολλίι
823 2000 1000 2061 δαπανώντων
1012 1999 1106 2081 παρεί-
1191 2021 1224 2062 ον.
1247 2007 1320 2082 κοινῇ
1336 2000 1476 2078 ξυνέόημεν
1499 2022 1506 2062 :
1529 2001 1597 2062 Ἀντί
1616 2007 1661 2061 τοῦ
1682 1999 1875 2080 ὡμονοήσαμεν
1890 2001 1932 2058 καὶ

320 2103 434 2170 ληπται,
447 2098 525 2167 δῆλον
536 2097 565 2154 ἐκ
575 2100 621 2153 τοῦ
636 2091 842 2174 ἐπιφερομένου,
1152 2090 1306 2170 ἀμφοτέροις
1321 2089 1448 2158 συνέδοξε.
1463 2095 1541 2150 τοῦτο
1556 2089 1583 2150 δέ
1598 2087 1662 2149 διότι
1678 2089 1722 2170 ἀφ’
1737 2089 1869 2170 ἑκατέρων
1885 2091 1933 2146 τῶν

1151 2179 1231 2256 γενῶν
1246 2179 1284 2258 τῷ
1298 2175 1408 2257 ὀνόματι
1420 2178 1528 2252 ἐπετέθη
1544 2177 1628 2260 μέρος.

1191 2287 1225 2326 οε.
1247 2265 1376 2346 ἐκορίζετο
1389 2287 1395 2326 :
1410 2265 1593 2338 Ἐκολάκευεν,
1606 2255 1665 2348 [οἶα
1676 2269 1730 2333 τοῖς
1741 2264 1855 2332 παιδίοις
1869 2288 1935 2342 συμ-
1947 2291 1970 2329 ω
2029 2263 2030 2358 ]

1153 2352 1237 2412 ὅαίνει
1248 2361 1301 2421 τοῖς
1312 2353 1436 2436 μικροῖς]
1444 2358 1627 2436 -προσηνῶς
1637 2353 1683 2412 καί
1695 2357 1897 2418 κολακευτικῶς.
1908 2364 1934 2410 θ.
2029 2359 2030 2366 ’

321 2456 398 2508 τοῦτο
409 2448 435 2506 δέ
445 2446 573 2524 ἐπήνεγκε
585 2443 671 2502 διττδν
683 2443 722 2514 δν,
734 2442 800 2500 τότε
810 2441 922 2498 ἀναλοῦν
933 2437 980 2498 καί
991 2437 1021 2498 εδ
1031 2437 1108 2520 ὑφαί·
1191 2462 1226 2501 το.
1249 2439 1345 2510 ξύστιδ
1357 2441 1425 2522 έχων
1438 2463 1445 2502 :
1456 2442 1590 2524 [Ξύστιδα
1598 2441 1849 2524 προπαροξύνουσιν.
1861 2443 1937 2519 ήγων
2030 2458 2031 2518 γ

322 2541 392 2614 νειν.)
1152 2529 1308 2610 πορφυρίδα.
1319 2529 1365 2589 καί
1376 2528 1427 2611 γδιρ
1439 2529 1519 2610 μέχρι
1528 2535 1573 2590 νῦν
1585 2533 1608 2590 οἱ
1622 2529 1815 2596 εἰσελαύνοντες
1827 2531 1937 2600 ἀθληταὶ
2030 2523 2031 2552 ³

364 2647 398 2685 ιο.
421 2625 494 2706 [λίαν
511 2625 613 2701 σπαθᾷς
627 2639 635 2678 2
650 2619 783 2699 Ἓργάζῃ.
803 2617 941 2698 εἰρωνικῶς
961 2616 1006 2674 καί
1024 2621 1107 2675 τοῦτο.
1153 2615 1262 2698 τοιούτῳ
1280 2618 1454 2694 κοσμηθέντες
1472 2617 1592 2698 σχήματι
1607 2619 1652 2678 καί
1674 2617 1790 2712 ἅρματος
1804 2613 1940 2682 ἐπιθέντες
2031 2650 2032 2736 γ

325 2715 424 2779 δεικνὺς
437 2711 488 2790 γάρ
503 2713 571 2787 αὐτῇ
593 2708 623 2766 τδ
636 2706 742 2783 ἱμάτιον
759 2703 929 2785 παραρραγέν
943 2701 1016 2778 ίίεγε
1033 2708 1110 2762 τοῦτο
1154 2703 1197 2763 διδι
1212 2704 1294 2782 μέσης
1313 2705 1478 2782 πομπεύουσι
1491 2712 1538 2780 τῆς
1554 2707 1669 2780 πόλεως,
1682 2713 1705 2788 ιξν
1719 2707 1765 2765 καὶ
1779 2709 1803 2765 οἱ
1825 2707 1974 2785 βασιλείςα
2031 2743 2032 2748 =

283 2836 309 2874 ,,
324 2800 416 2882 αὐτῇ]
1154 2795 1278 2873 χρῶνται.
1338 2793 1463 2876 Ἀλλως]
1476 2793 1560 2864 ξύστις
1568 2795 1673 2874 λέγεται
1686 2793 1716 2853 τδ
1730 2791 1941 2876 κροκωτδνὶμά-

363 2910 399 2949 ετ.
422 2887 506 2958 πότην
520 2879 621 2957 ήπτεςε
637 2882 757 2964 [Πότης,
771 2881 893 2946 Ἀττικῶς
907 2883 920 2937 δ
932 2875 1032 2956 ταχέως
1046 2879 1109 2934 ἀνα·
1154 2881 1218 2952 τίον,
1232 2880 1246 2940 δ
1260 2884 1284 2940 οἱ
1296 2880 1398 2961 ἡνίοχοι
1411 2879 1490 2963 μέχρι
1505 2887 1552 2942 τοῦ
1571 2889 1615 2941 νῦν
1629 2888 1736 2965 φοροῦσι
1749 2880 1940 2960 πομπεύοντες.

324 2976 420 3034 λίσκων
438 2974 538 3053 λύχνος.
573 2967 655 3042 πότης
677 2969 771 3049 λύχνος
791 2972 854 3048 παρ’
875 2966 1000 3030 Ἀττικοῖς
1016 2961 1108 3023 ὁπολδ
1155 2971 1271 3072 χρῶνται
1290 2967 1317 3027 δέ
1333 2971 1404 3050 αύτῷ
1418 2970 1464 3030 καί
1481 2973 1505 3029 οἱ
1523 2971 1642 3052 τραγικοί
1658 2972 1785 3051 βασιλεῖς.
1803 3003 1842 3014 -
1859 2969 1943 3038 ξυστίς

312 3060 410 3122 [ἔλαιον
426 3063 600 3152 ἀναλίσκων]
1156 3059 1222 3124 ειδος
1238 3059 1344 3135 ἱματίου
1365 3065 1507 3142 πορφυροῦ.
1531 3061 1606 3120 ἀλλοι
1624 3060 1652 3119 δέ
1666 3083 1732 3138 φασι
1747 3059 1777 3118 τδ
1800 3059 1943 3123 ἰδιωτικῶς

354 3171 400 3210 ἐκ.
425 3151 557 3220 καίεῖτδν
571 3151 654 3210 παῖδα
676 3145 788 3217 πλησίον
803 3146 887 3204 ἐλθεῖν
904 3145 951 3212 τῆς
965 3138 1056 3209 κλίνης
1071 3141 1110 3220 ἐφ’
1155 3144 1295 3223 λεγόμενον
1313 3146 1441 3206 σωσάνιον
1454 3147 1498 3208 καί
1513 3152 1595 3218 σῶζον
1609 3147 1669 3215 τοὺς
1683 3146 1787 3228 ἀνδρας.
1801 3157 1842 3205 Bt.
1955 3175 1978 3214 ω
2033 3149 2034 3158 ’

285 3227 357 3309 ω’ής
372 3238 502 3308 ἀνέκειτο,
518 3239 609 3319 τύφειν
624 3235 700 3296 αὐτὸν
715 3235 840 3293 ἀπειλῶν.
856 3240 910 3289 RN
928 3227 1111 3307 ,θρυαλλίδων
1196 3253 1230 3292 71.
1253 3235 1282 3292 ἐχ
1303 3239 1348 3292 τοῦ
1368 3233 1494 3302 Φελλέως
1518 3257 1526 3296 g
1547 3235 1636 3302 Τόπος
1655 3238 1702 3306 τῆς
1719 3234 1840 3305 Ἀττικῆς
1854 3233 1945 3306 ἐπιτή-

325 3325 353 3384 a}
367 3330 418 3385 τῶν
431 3325 626 3404 enm-piem&
1157 3321 1221 3387 διιος
1240 3323 1275 3388 είς
1291 3322 1363 3402 βόσιν
1378 3325 1470 3400 αἰγῶν,
1488 3323 1595 3404 τραχύς.
1613 3335 1642 3382 R.
1662 3321 1741 3389 τόπος
1760 3326 1807 3392 τῆς
1827 3321 1946 3394 Ἀττικῆς

366 3435 401 3472 ευ.
425 3414 587 3492 θρυαλλίδων
601 3436 607 3474 :
620 3411 685 3473 Ἀπδ
698 3415 744 3470 τοῦ
759 3408 835 3490 θρύου
854 3408 884 3466 τδ
898 3406 1011 3465 παλαιὸν
1024 3405 1113 3462 τάέλ-
1157 3405 1225 3468 οὕτω
1243 3409 1403 3488 καλούμενος
1422 3411 1530 3492 τραχύς.
1552 3414 1580 3470 αῖ
1601 3410 1629 3470 δέ
1649 3401 1722 3489 α’ίγεςΙ
1739 3413 1774 3476 ὡς
1794 3409 1946 3492 τραχύτερα
1972 3409 1976 3416 ’

326 3501 429 3580 λύχνια.
444 3499 493 3582 [τά
509 3501 560 3582 γὰρ
578 3500 668 3582 παχέα
686 3496 811 3579 ἐλλύχνια
831 3495 898 3555 πολὺ
918 3493 1005 3553 ἔλαιον
1024 3495 1113 3551 δαπα-
1158 3494 1294 3565 διώκοντες
1304 3499 1350 3558 καί
1361 3498 1508 3579 ὀρεινότερα
1520 3501 1556 3566 εἰς
1566 3498 1611 3558 τὸν
1623 3498 1702 3558 τόπον
1716 3499 1813 3558 ἐκεῖνον
1826 3497 1860 3556 τὰ
1872 3500 1946 3556 πλεῖ-

327 3594 399 3647 νῶσι.
414 3624 452 3633 -
469 3585 589 3657 ἐνέῦαλες
604 3586 745 3668 θρυαλλίδα
758 3587 882 3664 παχεῖαν.
899 3581 950 3661 9.]
1159 3607 1208 3643 στα
1226 3585 1368 3665 διάγουσιν.
1386 3591 1403 3658 ή
1425 3588 1452 3646 δέ
1470 3585 1577 3666 διφθέρα
1594 3588 1650 3646 ἐστὶ
1667 3587 1818 3664 ποιμενικὸν
1834 3586 1943 3667 πιριόό-
1958 3613 1981 3648 νε

288 3707 314 3744 35
368 3698 402 3744 σο.
426 3678 494 3755 μετδ
510 3679 585 3738 ταῦθ’
598 3677 669 3743 ὅπως
686 3697 693 3736 :
709 3671 787 3736 Μιτίι
800 3673 830 3732 τὸ
848 3675 1003 3745 ἐπιτιμῆσαι
1016 3672 1055 3749 τῷ
1077 3670 1114 3726 οἰ·
1159 3673 1231 3730 λαιον
1244 3675 1273 3730 ἐκ
1283 3671 1409 3753 δέρματος
1419 3673 1604 3752 πεποιημένον.
1620 3693 1651 3739 ν,
1665 3674 1757 3756 [τόπος
1768 3679 1816 3746 τῆς
1829 3675 1947 3748 Ἀττικῆς

327 3767 389 3843 κε’τη
406 3766 449 3823 ἐπὶ
463 3766 492 3824 τ’ἰι
507 3767 628 3845 ’διήγημα
647 3763 785 3845 ἀνατρέχει
801 3761 880 3820 πάλιν
899 3765 946 3818 τοῦ
961 3757 1057 3837 γάμου.
1077 3758 1115 3832 (αὖ
1160 3759 1227 3819 οὕτω
1238 3759 1406 3838 καλούμενος.
1419 3763 1449 3821 ἐκ
1459 3761 1553 3822 τούτου
1566 3760 1593 3822 δέ
1607 3761 1752 3844 φελλεάτας
1764 3763 1872 3841 λέγουσι
1885 3771 1946 3824 Δοι-

329 3854 382 3932 μήν
400 3852 544 3913 συναπτίον
559 3857 646 3913 πάντα
666 3853 710 3912 τόν
734 3850 835 3929 στίχον,
859 3848 917 3907 ἀλλ’
937 3843 1115 3924 ἀναγνωστέον
1161 3847 1292 3928 ριεῖςτοθς
1305 3849 1475 3930 κισοηριύδιις
1487 3849 1582 3916 λίθους.
1595 3853 1623 3910 αί
1640 3849 1668 3909 δέ
1681 3841 1753 3929 αἰγες
1765 3849 1830 3932 πρὸς
1842 3849 1877 3909 τὰ
1889 3874 1949 3930 τρα·

330 3941 408 4022 μέχρι
423 3947 468 4000 τοῦ
482 3943 544 4009 υἱός.
556 3931 613 4001 εἶτα
626 3939 804 4012 διαστήσαντα
818 3935 871 4018 χρθΙ
888 3937 943 4014 μεθ’
955 3933 1116 4015 ὑποκρίσεως
1142 4005 1147 4013 Ι
1161 3935 1260 4018 χύτερα
1273 3937 1423 4019 διώκουσι]

329 4030 448 4108 ἐπάγειν,
463 4029 564 4102 οῦτοσί,
581 4033 616 4097 ῶς
632 4027 777 4108 ἀχθομένου
794 4029 921 4102 αύταῦτῇ
942 4025 1061 4101 γενέσει.)
1079 4056 1117 4065 -
1201 4044 1236 4084 72.
1258 4024 1379 4106 διφθέραν
1401 4025 1544 4103 ἐνημμένος
1570 4047 1577 4088 :
1601 4025 1671 4086 Ἀντί
1696 4031 1741 4086 τοῦ
1771 4025 1945 4103 ἐνδεδυμένος.
1959 4047 1984 4083 ιο

289 4150 316 4190 ⁴0
332 4117 399 4194 μετδ
412 4118 443 4176 τὸ
457 4117 548 4178 λαδεῖν
562 4117 610 4188 τήν
621 4125 742 4196 γυναῖκα.
758 4113 828 4180 ὅπως
843 4112 948 4172 ι’ίῖπεί.
961 4115 996 4172 Θ.
1161 4113 1311 4190 ποιμενικὸν
1326 4111 1353 4174 δέ
1366 4114 1532 4198 περιόόλαιον
1550 4119 1568 4187 ἡ
1580 4114 1697 4198 διφθέρα.
1715 4115 1845 4196 [Ἀττικοί
1861 4114 1889 4174 δέ
1903 4118 1947 4174 λε’-

368 4225 403 4262 σι.
424 4208 546 4283 τήγαθῇε
564 4204 617 4264 Καί
634 4210 710 4264 τοῦτο
726 4199 924 4283 εἰρωνευόμενος
934 4198 1012 4276 λέγει.
1025 4197 1118 4278 οὖγδρ
1159 4223 1250 4278 γουσιν
1268 4201 1301 4274 ήν
1320 4208 1363 4261 νῦν
1379 4205 1473 4275 ἰσάλην
1485 4205 1626 4282 καλοῦμεν.
1643 4202 1699 4264 ἐστι
1718 4201 1745 4262 δέ
1762 4204 1792 4261 ἐκ
1810 4201 1944 4284 δέρματος.

330 4291 428 4370 ἀγαθήν
443 4291 525 4364 αὐτὴν
535 4291 686 4373 παρίστησι.
703 4327 740 4336 —-
757 4290 816 4349 κατ’
827 4288 968 4371 εἰρωνείαν.
983 4289 1019 4346 Θ.
1168 4321 1203 4331 -
1212 4287 1332 4365 γούνναν.
1346 4283 1398 4366 9.]

369 4401 405 4440 σα.
419 4378 662 4460 [ἐλοιδορούμεθαῖ
684 4377 907 4454 Ἐστασιάζομεη
921 4373 990 4434 ῶστε
1006 4374 1057 4433 ῦπδ
1073 4377 1119 4444 τῆς
1201 4395 1237 4439 τε,
1260 4378 1318 4436 ἀλλ’
1330 4375 1440 4459 ἵππερόν
1455 4401 1505 4456 μου
1523 4377 1633 4458 κατέχεε
1655 4377 1789 4446 εἘπαιξε
1810 4377 1886 4458 παρὰ
1905 4377 1947 4436 τδν

330 4467 485 4550 φιλονεικίας
502 4467 546 4525 καί
561 4469 597 4533 εἰς
607 4465 737 4547 λοιδορίαν
751 4461 940 4543 ἐκτραπῆναι]
1163 4463 1273 4546 ἴκτερον.
1288 4465 1400 4544 (νόσημα
1412 4465 1439 4525 δέ
1451 4471 1465 4525 ὁ
1477 4463 1589 4548 ίιιτερος,
1604 4465 1631 4534 δς
1642 4467 1790 4547 περιχεῖται
1801 4475 1859 4535 ταῖς
1871 4468 1946 4547 ὄψεσι
1962 4491 1986 4530 ιι

258 4552 260 4556 ’
290 4591 317 4629 «5
371 4553 525 4636 ὑόριζόμεθα
539 4553 583 4612 ὑπ’
598 4553 729 4624 ἀλλήλοιν.
742 4553 778 4613 Θ.
1163 4557 1214 4612 τῶν
1227 4551 1378 4614 νοσούντων.
1392 4553 1445 4634 [διδ
1456 4555 1502 4614 καί
1514 4555 1544 4614 τδ
1559 4553 1669 4634 κατέχεε
1683 4552 1839 4633 κατὰλόγον
1851 4553 1948 4629 ἐπήγα-

370 4663 404 4702 aa.
426 4642 551 4701 συνετίθει
564 4640 593 4701 τδ
606 4642 689 4719 ὄνομα
702 4640 728 4710 ἐξ
737 4638 828 4700 ίππου.
845 4652 873 4698 R.
1162 4641 1232 4723 γεω]
1250 4642 1319 4702 οῦτω
1333 4644 1360 4702 δέ
1375 4644 1420 4703 καί
1438 4647 1491 4712 τοῖς
1510 4642 1645 4726 χρήμασιν
1660 4644 1739 4702 αὐτοῦ
1756 4641 1949 4716 ἐπιόεδλῆσθαί

371 4751 407 4789 σε.
429 4729 583 4790 Ξάνθιππον
599 4751 605 4790 :
623 4729 658 4792 Ὁ
673 4729 827 4796 Ξάνθιππος
842 4727 1001 4809 Περικλέους
1015 4718 1047 4800 ήν
1062 4751 1116 4785 πα·
1165 4751 1241 4812 φησιν
1269 4729 1388 4812 ίππερον,
1407 4721 1459 4790 οἷον
1476 4729 1583 4790 ίππικδν
1599 4727 1683 4812 έρωτα
1701 4730 1718 4802 ἢ
1736 4729 1813 4790 νόσον
1826 4731 1949 4802 ἱππικὴν,

333 4815 393 4897 τηρ,
408 4815 435 4883 δς
448 4809 480 4888 ήν
492 4823 538 4876 τοῦ
555 4821 608 4876 τῶν
622 4817 832 4895 Ἀλκμαιωνιδῶν
843 4816 942 4895 γένους.
962 4815 1117 4892 ἐσεμνύνετο
1162 4814 1205 4875 διδ
1223 4817 1253 4877 τδ
1276 4817 1363 4878 πολλὰ
1383 4817 1593 4889 δεδαπανηκέναι
1615 4817 1676 4900 περί
1699 4817 1748 4890 τήν
1771 4817 1950 4901 ἱπποτροφίαν

333 4903 361 4963 δέ
373 4905 404 4963 τδ
417 4903 521 4984 γύναιον
534 4904 595 4987 θείιρ
602 4907 742 4984 Μεγακλεῖ
752 4907 789 4986 τῷ
798 4905 934 4977 νικήσαντι
947 4904 1001 4985 τρὶς
1013 4903 1116 4982 Ὀλύμ-
1161 4905 1315 4986 χρήματα.)
1332 4938 1365 4947 -
1378 4907 1485 4966 ίππικδν
1499 4906 1597 4986 ἔρονται,
1610 4901 1765 4988 ἀφανισμόν.
1781 4917 1827 4965 Br.
1965 4929 1992 4965 τυ

293 5040 320 5079 ω
333 5016 382 5052 πια
406 4993 451 5051 καί
474 4993 507 5051 δι’
527 4993 701 5075 ἱπποτροφίαν
725 4993 876 5054 κατελθόντι
902 4995 932 5052 ἐκ
957 4998 1004 5064 τῆς
1024 4997 1115 5074 φυγῆς.
1201 4991 1267 5074 [τῶν
1276 4979 1423 5075 χρημάτων
1436 5015 1443 5056 :
1456 4993 1574 5077 Εὕρηται
1585 5001 1671 5068 τοῦτο,
1681 4993 1727 5054 καί
1738 4993 1874 5077 ῥημάτων·
1884 4993 1950 5076 ὅπερ

334 5079 436 5162 [ἐδίωξε
447 5079 498 5161 γδιρ
508 5081 585 5139 αὐτόν
596 5085 611 5140 δ
621 5081 822 5162 Πεισίστρατος,
832 5081 861 5141 δν
872 5081 917 5141 καὶ
929 5080 1117 5162 μετεπέμψατο
1164 5081 1244 5150 οῦτως
1255 5081 1344 5150 είποις·
1357 5081 1425 5142 ἀλλά
1436 5082 1546 5162 κατέχεε
1556 5085 1608 5146 τῶν
1623 5081 1748 5164 ῥημάτων
1760 5085 1826 5161 ἐμοῦ
1840 5083 1950 5142 ἱππικὸν

332 5169 566 5249 παραχωρήσαντα
579 5171 650 5250 αὐτῷ
662 5168 691 5228 τὸ
702 5175 748 5241 τῆς
759 5170 831 5240 νίκης
842 5167 990 5250 κήρυγμα]
999 5169 1058 5228 ἐπεὶ
1072 5167 1117 5227 καί
1165 5168 1258 5251 ἔρωτα·
1272 5169 1414 5244 τουτέστιν,
1427 5173 1491 5248 ἐμοῦ
1505 5175 1541 5238 ὡς
1556 5169 1628 5230 οὐδὲν
1646 5171 1686 5230 δεῖ
1701 5172 1822 5230 δαπανᾶν
1837 5173 1951 5252 ἀφειδῶς

333 5257 452 5324 Καλλίας
464 5261 478 5315 δ
491 5257 617 5338 δᾳδοῦχος
634 5261 647 5314 δ
662 5261 688 5317 ἐν
699 5263 732 5337 τῇ
744 5261 802 5338 ἱερᾷ
814 5258 893 5336 στολῇ
906 5255 1057 5338 προσελθὼν
1074 5257 1117 5317 ἐπί
1162 5257 1293 5336 λέγοντος,
1305 5260 1384 5339 λῆρον
1396 5257 1563 5337 ἡγησάμενος
1573 5257 1632 5326 τοὺς
1642 5257 1748 5337 λόγους,
1762 5258 1885 5332 άντετίθη
1898 5260 1948 5318 αῦ-

413 2248 461 2310 ἐγὼ
470 2247 490 2294 δ’
501 2247 529 2295 δν
538 2245 597 2306 αὐτῇ
608 2242 727 2305 θοίμάτιον
739 2241 828 2296 δεικνὺς
837 2239 901 2298 τοδί,

281 2332 307 2369 νυ
411 2317 525 2380 πρόφασιν
535 2315 645 2377 ἐφσσκον,
658 2313 679 2361 ὦ
689 2313 769 2373 γύναι,
779 2310 836 2358 λίαν
843 2311 946 2372 σπαθᾷς.
