4100 6109
381 447 438 498 tot
948 422 1174 488 aouo‘rmo
1194 422 1233 482 tlt
1254 421 1387 484 scuol..

380 567 562 645 σονίμτττωσις
584 559 703 640 γενέσθαι
724 561 762 640 τῷ
786 557 954 620 Diodorlius
977 569 1007 616 et
1025 554 1146 616 Schnei·
1189 551 1305 633 τίμα-τερ
1327 552 1373 612 καὶ
1394 551 1525 634 δεκάτῳ)·
1546 554 1703 614 Pindarum
1727 555 1763 612 [ε.
1787 556 1925 616 Thronos
1995 548 1997 579 ί

380 657 475 714 derus.
1188 637 1319 720 stipendi
1340 650 1410 723 τρεῖς
1432 643 1478 704 καὶ
1502 641 1557 704 δίχ’
1581 643 1816 724 ivam-m&
1834 643 1926 712 Μὰ
1995 674 1996 705 γ

420 763 457 802 aa
482 747 547 802 Put.
568 737 679 818 μάθοιμι
699 735 833 811 δηλονότι,
855 737 892 796 ad
906 739 962 804 πῶς
984 733 1015 793 ἂν
1037 723 1093 807 oda,
1113 743 1147 790 ut
1189 726 1305 800 πεδάθη·
1323 730 1359 788 fr.
1372 733 1430 791 inc.
1448 732 1484 802 54
1496 756 1504 790 :
1516 731 1585 792 τέκν’
1604 731 1926 816 ίττεφνεν-δνάδετάἐιδν

380 833 504 892 videtur.
1189 813 1218 874 δά
1236 815 1337 896 τρίτον,
1358 821 1415 879 nisi
1436 821 1484 880 hic
1503 821 1623 899 quidem
1643 822 1813 882 exciderunt
1831 823 1927 900 reliqua

420 922 469 978 οῦ.
489 923 553 978 lloc
566 916 696 976 scholion
712 935 728 973 a
744 934 782 972 m.
798 933 854 972 rec.
867 915 898 972 in
913 914 1023 974 codice.
1036 917 1099 972 Put.
1109 907 1146 966 ad
1189 908 1370 964 Scanatoaa.
1384 907 1543 977 ibid-ao
1559 905 1670 969 ίκαταῖα
1683 911 1786 980 codex,
1797 909 1873 992 guod
1884 931 1929 970 cor·
1996 892 1998 987 J

380 1031 407 1067 v.
425 1029 473 1080 ογ,
485 1004 565 1082 ἤγουν
581 1001 667 1063 διὰτὸ
681 1000 777 1082 θυρίον.
1190 993 1265 1051 rexit
1280 995 1460 1056 Dindorlius.
1471 1003 1569 1057 Poetae
1582 999 1666 1075 lyrici
1679 997 1843 1058 verbaesse
1851 999 1929 1056 viden-

419 1097 469 1168 32,
496 1095 523 1154 5.
549 1099 595 1152 Ex
618 1092 672 1150 hac
694 1089 914 1168 computatione
938 1102 990 1148 aut
1015 1086 1148 1166 Agathou
1191 1093 1252 1154 lut,
1265 1083 1359 1142 ἱκεσία
1376 1084 1399 1142 δ’
1416 1088 1456 1149 tx.
1471 1107 1561 1145 σ.-τ
1587 1086 1755 1158 άποδικάτην
1773 1080 1929 1145 criden-l

380 1191 436 1252 414
450 1181 574 1259 primum
590 1174 1146 1256 vicerit,autThesmophoriazusaehss
1190 1168 1260 1228 κατά
1290 1172 1466 1253 Καλλίμαχον
1497 1176 1640 1235 Prellerus
1671 1178 1702 1234 in
1733 1176 1929 1234 Zimmermanui

379 1270 447 1329 data
462 1269 558 1328 luerit.
579 1268 636 1328 Sed
653 1267 833 1344 Agathonem
848 1267 983 1324 novimus
996 1265 1148 1343 Euphemo
1190 1259 1291 1318 Diario
1303 1281 1330 1322 a.
1346 1264 1431 1330 1835,
1445 1285 1475 1342 p.
1490 1267 1559 1336 787,
1570 1263 1714 1342 probante
1731 1262 1931 1341 Diodorlio.rpl
1997 1288 1998 1347 l

378 1359 519 1418 archonte
542 1357 645 1416 vicisse
675 1365 764 1431 atque
787 1353 944 1412 eorundem
972 1353 1147 1412 scholiorum
1189 1369 1239 1418 την
1252 1349 1423 1408 codex-5
1439 1372 1483 1430 sq.
1493 1357 1557 1413 Hoc
1565 1353 1637 1412 dicit
1652 1353 1817 1422 scholiasta,
1826 1354 1931 1411 asurim
1997 1390 1998 1415 2

378 1447 436 1506 alio
448 1446 513 1504 loco
528 1445 603 1502 hauc
617 1443 817 1520 Aristophanis
835 1439 963 1500 fabulam
974 1452 1058 1498 sexto
1070 1459 1147 1498 anno
1191 1448 1235 1494 tes
1244 1441 1365 1514 quosvis
1381 1459 1435 1517 per
1449 1439 1549 1517 jocum
1559 1441 1656 1501 dicere
1669 1442 1763 1500 solere
1783 1441 1895 1499 mediam
1910 1461 1932 1498 sc

379 1548 445 1594 ante
474 1554 561 1613 quam
593 1533 747 1611 Euripides
776 1545 898 1590 mortem
927 1530 1033 1588 obierit
1053 1542 1147 1588 actam
1190 1544 1276 1601 agere
1289 1527 1585 1606 Thesmophoriorom
1602 1530 1690 1600 diem,
1698 1528 1826 1601 νηστείαν
1841 1529 1932 1587 dictam

380 1625 468 1682 luisse
498 1622 631 1692 traditur,
652 1621 731 1700 quod
756 1635 876 1699 tempus
904 1619 959 1678 alia
985 1621 1148 1678 testimonia
1190 1613 1240 1672 Sic
1249 1614 1404 1674 Athenaeus
1419 1639 1447 1690 7,
1466 1637 1496 1695 p.
1511 1620 1580 1692 307,
1598 1618 1743 1699 Ρεάνδρες
1754 1617 1837 1700 φίλοι,
1854 1616 1933 1694 placi

380 1711 561 1770 coufi'rmant.
576 1715 677 1789 ltaque
694 1711 904 1789 interprimunt
924 1709 1085 1786 Agathonis
1101 1708 1147 1766 vi·
1190 1706 1268 1778 ἡμεῖς
1282 1703 1406 1774 νηστείαν
1416 1706 1529 1782 ἄγομεν,
1543 1707 1736 1790 Θεσμοφορίων
1747 1705 1797 1778 τὴν
1806 1706 1934 1784 μέσην,δτ

379 1799 499 1858 ctoriam
508 1811 542 1858 et
553 1795 818 1878 Θεσμοφοριαζούσας
833 1809 925 1854 actam
941 1803 1072 1872 quinque,
1088 1815 1146 1854 non
1192 1788 1267 1862 δίκην
1278 1793 1407 1872 κεστρέων
1420 1793 1593 1873 νηστοίσμενγ
1606 1801 1699 1862 Diuo.

350 1951 351 1956 .
380 1901 438 1946 tres
474 1889 541 1944 anni
579 1887 722 1965 interjecti
752 1886 877 1945 luerunt.
903 1885 1049 1944 (Σειστοιν.
1072 1889 1146 1944 Fast.
1232 1880 1280 1951 83,
1299 1881 1750 1965 ι3άνεὶίντῷτιῗονθεσμοφορίων
1763 1884 1862 1942 codex.

380 1974 453 2034 llell.
466 1994 497 2052 p.
512 1995 611 2032 xxxin
626 1975 671 2033 ed.
686 1977 778 2050 Kriig.
1231 1976 1281 2042 94,
1302 1969 1337 2026 ι6
1350 1959 1425 2036 οὗτος
1440 1967 1585 2032 &suidas
1603 1991 1628 2030 s.
1641 1971 1799 2050 Τεχνάζειν.
1817 1968 1890 2036 οὕτως
1902 1975 1934 2028 τά

420 2063 467 2138 39,
489 2071 522 2129 ll
541 2075 607 2120 ante
620 2070 671 2130 τάς
684 2059 826 2120 excidisse
838 2059 931 2118 videri
942 2057 1059 2142 εὔφημος
1069 2071 1148 2119 recte
1191 2054 1293 2113 codex.

379 2149 584 2210 animadvertit
594 2149 771 2210 nindorfius.
1234 2163 1300 2217 τοι,
1315 2143 1352 2202 ε8
1362 2145 1522 2205 scholiastae
1530 2149 1699 2208 sententiam
1710 2149 1850 2227 pervertit
1858 2148 1936 2206 suidas

421 2240 458 2297 52
473 2241 692 2318 καταχρηστικῶς
711 2236 738 2298 δὲ
759 2233 885 2316 προοίμια
903 2236 1005 2296 Suidas
1022 2257 1046 2296 s.
1059 2233 1147 2317 Δρίο-
1191 2251 1214 2289 ⁸·
1234 2229 1352 2310 hhippnfi
1371 2246 1402 2292 et
1415 2233 1529 2316 Χορικάς
1546 2238 1642 2316 posito
1662 2237 1838 2316 imperfecto
1861 2237 1937 2303 ἐποίει,

322 2405 326 2412 .
380 2347 438 2406 χοι,
451 2338 519 2403 post
530 2324 593 2392 νεώς
606 2327 623 2384 Ι,
636 2347 683 2383 21.
1191 2319 1247 2378 nisi
1260 2319 1307 2378 hic
1317 2320 1429 2382 librarii
1440 2343 1524 2382 error
1536 2337 1588 2384 est.
1600 2331 1691 2386 Dino.
1703 2359 1742 2370 -
1756 2345 1796 2402 ²9
1811 2325 1937 2406 ὑπεκρίνετο

1998 1576 2000 1625 l

1998 1628 1999 1669 l

1998 1698 1999 1735 l

421 2415 457 2473 53
480 2411 684 2493 οίκοδομοάντων
705 2415 859 2476 Bekketus.
880 2415 979 2478 Codex
999 2411 1147 2473 οίκαίντων.
1191 2407 1269 2466 idem
1280 2431 1303 2469 8·
1313 2410 1436 2489 Χοραάτ,
1446 2433 1505 2472 nou
1515 2435 1538 2475 s.
1551 2412 1720 2496 Μάρμηξ.-
1730 2417 1770 2472 30
1783 2412 1836 2472 ouh
1852 2434 1937 2471 σκοο
2000 2438 2001 2441 ’

417 2505 454 2570 ,δι
475 2501 567 2560 codex
580 2501 724 2584 συγκάψας.
1192 2496 1258 2554 dex.
1279 2497 1333 2558 άτδ
1351 2503 1450 2571 σκηνῆς
1463 2502 1657 2564 Schneideros
1672 2522 1702 2580 p.
1724 2503 1753 2575 5,
1774 2517 1858 2562 recte.
1877 2503 1937 2560 ldcm

420 2591 470 2661 68,
486 2590 522 2648 35
545 2587 591 2655 τάς
615 2588 714 2648 abesse
732 2590 837 2650 malim.
857 2596 947 2650 Dran.
964 2589 1046 2650 ldem
1063 2588 1100 2649 ad
1117 2587 1148 2648 τδ
1191 2583 1282 2644 verba
1292 2589 1328 2654 ὡς
1340 2585 1406 2668 πρὸς
1416 2587 1494 2670 χορδν
1510 2592 1636 2668 expllcat
1648 2591 1694 2648 his
1705 2591 1866 2660 scholiasta
1877 2589 1937 2647 lluh

380 2684 507 2755 σημεῖον,
529 2678 548 2735 l.
571 2681 626 2754 39:
641 2678 749 2748 «Quod
770 2679 941 2757 plerumque
967 2679 1075 2737 dicitur
1094 2701 1149 2751 ση-
1196 2673 1289 2732 1356:
1306 2672 1387 2740 οὕτως
1404 2675 1511 2755 ἔλεγον,
1530 2675 1592 2737 ὅταν
1617 2683 1664 2737 τοῦ
1685 2682 1831 2759 ὑποκριτοῦ
1847 2679 1938 2736 διαειίε·
2001 2691 2003 2753 j

382 2765 493 2841 μείωσαι
506 2766 550 2823 vel
563 2763 735 2842 σημειωτίον.
748 2793 761 2818 ν
1192 2759 1272 2839 μίνον
1282 2760 1331 2834 τὴν
1343 2766 1439 2844 ῥῆσιν,
1454 2766 1559 2847 άχορδς
1571 2769 1696 2848 δρχῆται.

421 2855 468 2926 8ο,
480 2862 526 2922 ηε.
548 2853 672 2912 δαμάσαι
687 2855 874 2931 questionem
896 2855 1035 2934 proponit
1054 2861 1148 2933 llesy-
1237 2851 1290 2910 105
1304 2853 1433 2921 εὖτίστως
1451 2853 1517 2936 πρὸς
1536 2855 1582 2916 τδν
1597 2856 1655 2916 θεὸν
1674 2857 1819 2917 Suidass.
1838 2854 1938 2916 Σεάίτσι.

380 2939 479 3012 chius,
495 2939 580 3022 Τρίτη
599 2941 788 3025 Θεσμοφορίων
803 2966 810 3002 ε
825 2947 940 3016 ζητεῖται
955 2947 1012 3012 πῶς
1027 2942 1086 3022 ἅμα
1100 2941 1147 3023 pls
1191 2936 1223 2998 τὸ
1233 2939 1348 2998 addidit
1361 2941 1541 3004 Dindorfius.

380 3026 452 3108 λίγει
477 3027 567 3110 τρίτην
594 3030 784 3113 Θεσμοφορίων
807 3021 886 3106 εἶναι,
912 3030 968 3112 ἅμα
995 3031 1022 3092 tl
1046 3032 1147 3111 μίσην,
1236 3049 1301 3098 tar,
1314 3030 1351 3088 38
1366 3029 1479 3114 Φρυγίῳ
1490 3032 1640 3093 codex-
1652 3035 1755 3110 δμτῆς
1774 3031 1833 3093 ’hat-
1845 3033 1886 3091 vel
1905 3035 1940 3101 εἰς

380 3115 511 3199 τεττάρων
521 3118 605 3177 οὐσῶν
616 3122 732 3200 ἡμερῶν.
743 3124 816 3180 Cum
829 3122 970 3200 proximis
988 3123 1149 3182 scholiasta
1192 3121 1238 3175 τοῦ
1250 3116 1308 3177 'hm
1324 3119 1405 3177 malit
1414 3121 1641 3180 Dindorfius.·-
1652 3131 1688 3194 47
1699 3142 1738 3179 an
1758 3141 1819 3178 nou
1836 3125 1879 3178 τοῦ
1893 3121 1941 3203 περὶ

380 3207 476 3270 verbis
490 3211 633 3268 consentit
646 3209 766 3268 Photius
780 3230 809 3288 p.
823 3212 871 3284 87,
885 3230 920 3268 οι
936 3233 943 3269 :
957 3211 1148 3295 Θεσμοφορίων
1193 3203 1277 3265 ’dni
1292 3205 1475 3286 dehpolliue
1491 3207 1602 3267 dictum
1621 3229 1685 3268 esse
1702 3209 1778 3266 illud
1799 3206 1883 3287 clpam
1903 3211 1940 3285 βεῑι
2002 3234 2003 3239 ¹

380 3293 480 3380 ἡμίραι
494 3299 530 3356 δ’·
541 3295 637 3370 δεκάτη
652 3297 776 3377 (δεκάτην
788 3299 859 3357 dicit
881 3301 1076 3382 Πυανσρυδνος)
1091 3302 1150 3361 Θε·
1192 3294 1398 3354 documentum
1416 3297 1501 3356 addit
1518 3310 1605 3375 poeta
1624 3299 1768 3376 fulgorem
1784 3299 1939 3356 emicantem.

369 3385 512 3467 σμοφόρια
528 3387 579 3464 (sic
593 3385 652 3444 κατ’
664 3383 758 3467 ίξοχὴν
772 3387 875 3466 dicta),
888 3387 1012 3456 ἑνδεκάτη
1023 3387 1147 3466 κάθοδος,
1192 3390 1238 3443 De
1251 3384 1310 3467 περὶ
1321 3388 1408 3445 etiam
1418 3388 1609 3447 Fritzschium
1619 3390 1762 3467 cogitasse
1772 3389 1941 3466 videoquen

381 3473 516 3546 δωδεκάτη
535 3473 661 3549 νηστεία,
680 3475 884 3556 τρισκαιδεκάτη
908 3475 1099 3556 Καλλιγένεια·
1118 3490 1149 3536 et
1193 3474 1267 3533 conf.
1280 3493 1310 3552 p.
1322 3484 1446 3553 lo--l9
1457 3475 1547 3536 habet
1560 3477 1663 3537 Suidas
1674 3498 1697 3535 s.
1707 3475 1824 3555 Ἀρσενι.

381 3563 487 3620 omissa
498 3561 610 3621 dierum
623 3563 729 3622 mensis
740 3563 887 3622 notatione
901 3565 1041 3642 Alciphro
1056 3567 1083 3636 3,
1095 3568 1148 3643 39:
1236 3582 1290 3635 ¹²7
1306 3561 1364 3622 άντί
1377 3567 1424 3635 τῆς
1437 3566 1539 3624 codex.
1553 3565 1687 3626 Correxit
1701 3564 1836 3623 Diodori.

380 3655 454 3722 ἡνῦν
468 3651 572 3708 ἑστῶσα
586 3649 734 3724 σεμνοτάτη
749 3649 939 3732 Θεσμοφορίων
956 3652 1049 3734 laps-h·
1065 3659 1083 3728 ἡ
1100 3651 1149 3732 μὲν
1236 3671 1301 3726 ιο9,
1314 3660 1330 3720 d
1345 3651 1548 3736 παριπιγραφὴν
1559 3653 1728 3712 codex—5
1743 3674 1786 3730 sq.
1800 3654 1840 3711 tl.
1850 3656 1865 3710 δ
1876 3651 1942 3734 γε’ρνν

381 3735 431 3818 γάρ
450 3735 540 3804 ἄνοδος
568 3735 636 3796 κατά
668 3735 717 3810 τὴν
739 3737 847 3820 πρώτην
867 3737 971 3817 γίγονιν
991 3740 1148 3822 ἠμίραν,ἡ
1194 3740 1230 3806 εἰς
1239 3737 1288 3811 τὴν
1298 3741 1358 3812 θηλ.
1370 3743 1450 3800 σ’ντοῦ
1459 3743 1506 3801 καί
1518 3741 1641 3821 λαγνείαν
1655 3740 1818 3800 tuomum
1830 3741 1941 3802 Suidtss

381 3825 490 3895 νηστεία
501 3823 529 3882 δὲ
543 3823 572 3883 th
584 3826 698 3908 τήμερον
712 3816 779 3888 εἶναι
792 3827 856 3910 παρ’
871 3826 1013 3898 Ἀθηναίοις
1026 3830 1150 3910 ίορεάζι-
1194 3825 1337 3896 Ὀλολάζει.

380 3934 439 3986 ται,
458 3911 493 3971 τά
515 3911 691 3991 Καλλιγένεια
713 3915 742 3974 δδ
764 3917 799 3984 εἰς
819 3913 868 3988 τὴν
889 3918 1015 3976 ίπιοῦσαν
1035 3916 1149 3978 θύουσιν.
1233 3917 1298 3989 ido,
1313 3939 1330 3991 γ
1345 3915 1410 3994 φασί
1425 3919 1581 3978 Bellerus.
1595 3917 1695 3979 Codex
1713 3917 1789 3998 φησὶ.
1804 3913 1880 3976 ldem
1896 3915 1943 3971 det

381 4005 522 4063 Dissentit
542 4007 724 4080 Plutarchus,
745 4008 795 4086 qui
815 4008 936 4080 νηστείαν
958 4011 1015 4069 diei
1038 4010 1150 4092 decimo
1197 4009 1417 4066 ῐοπιποιεῑοθαι

382 4105 465 4150 sexto
490 4095 700 4172 Pyanepsionis
727 4096 880 4172 adscribit,
904 4118 957 4156 suo
986 4101 1099 4178 potius,
1117 4111 1151 4158 ut
1234 4091 1942 4171 611188811ἱᾶ88·Κατῑῖδωπωμίνθ’ν(1“ῗ”

382 4181 499 4258 opinor,
512 4199 612 4239 errore
626 4201 723 4259 quam,
736 4203 800 4261 qua
813 4187 932 4244 Prelleri
944 4188 1085 4246 sententia
1097 4201 1150 4260 est,
1194 4181 1253 4242 ἀντὶ
1261 4187 1308 4243 τοῦ
1316 4185 1482 4249 πολλαῖς.-
1495 4203 1532 4240 ta
1542 4181 1778 4260 καταμεμιγμένον
1795 4181 1871 4260 apud
1882 4183 1943 4239 Bel-

382 4267 567 4327 librariorum
582 4271 679 4348 culpa,
691 4272 721 4328 in
737 4273 805 4330 Vita
821 4275 971 4333 Demosth.
983 4295 1008 4334 c.
1030 4277 1084 4334 30:
1096 4299 1149 4335 κα-
1195 4273 1304 4347 lterum,
1314 4270 1395 4350 quod
1404 4291 1462 4328 non
1471 4271 1589 4329 uidetur
1599 4271 1629 4328 in
1642 4270 1743 4328 codice
1755 4289 1827 4327 esse.

380 4355 505 4438 τίστρεψε
523 4357 546 4414 δ’
561 4355 624 4439 ίκτη
646 4359 690 4417 lul
706 4358 769 4418 δίκα
785 4365 832 4418 τοῦ
854 4363 1038 4446 Πυανεψιῶνος
1054 4363 1151 4442 μηνὸς,
1234 4364 1289 4434 ¹37
1315 4360 1461 4420 Bellienus
1486 4359 1586 4418 retulit
1604 4357 1642 4416 'ad
1663 4378 1691 4415 v.
1716 4359 1791 4429 1363
1814 4357 1864 4415 sed
1884 4367 1945 4412 recte

381 4447 408 4504 ίν
423 4437 501 4525 ᾔτην
524 4447 745 4529 σκυθρωποτάτην
762 4451 815 4509 τῶν
835 4450 1028 4532 Θεσμοφορίων
1046 4451 1150 4534 ἡμέραν
1194 4451 1359 4511 Meinelius
1379 4469 1497 4528 quoque
1515 4451 1591 4508 Hist.
1610 4451 1692 4506 Com.
1710 4467 1740 4524 p.
1758 4448 1817 4504 362
1829 4448 1852 4503 'a
1867 4442 1944 4500 verbis

297 4593 300 4606 γ
382 4531 492 4611 άγουσαι
506 4533 687 4618 παράτῇθεῷ
702 4535 870 4608 νηστεάουσιν
883 4541 911 4597 al
923 4547 1053 4617 γυναῖκες.
1070 4545 1152 4599 Cete-
1194 4540 1268 4612 τίςὴ
1289 4537 1396 4618 τάραξις
1421 4537 1535 4617 incipit·
1558 4527 1695 4596 Celefflssl
1716 4533 1847 4612 AEoehlfi
1865 4533 1944 4611 {1⁰1³OE

383 4641 447 4679 rum
459 4642 545 4700 quam
563 4623 683 4683 Photius
696 4625 805 4684 κάθοδον
818 4627 907 4702 dicit,
926 4649 985 4686 nou
1004 4629 1151 4688 diversam
1195 4650 1281 4708 quam
1293 4628 1498 4707 Aristophanis
1518 4627 1614 4684 locum
1628 4643 1798 4701 expressum
1820 4619 1901 4680 luisse
1916 4619 1944 4675 ab

383 4728 445 4768 esse
466 4709 503 4769 ab
525 4729 558 4770 ea
582 4733 668 4790 quam
693 4711 784 4772 άνοδον
814 4728 900 4774 vocat
925 4716 1091 4787 scholiasta,
1114 4737 1152 4775 ex
1195 4717 1320 4790 Eubulo,
1335 4715 1409 4776 bene
1422 4717 1537 4775 monuit
1547 4713 1753 4790 Fritzschius.'

383 4797 495 4856 scholio
508 4799 564 4856 585
579 4815 707 4880 apparet.
723 4799 829 4862 Ἀνάδου
842 4822 948 4863 nomen
962 4805 1083 4877 Στηνίοις
1098 4807 1152 4865 tri-
1236 4809 1291 4865 152
1301 4811 1347 4864 τοῦ
1365 4827 1423 4864 om.
1435 4805 1538 4864 codex.
1553 4808 1616 4862 Non
1629 4803 1698 4860 satis
1716 4802 1804 4860 video
1815 4799 1884 4878 quid
1902 4797 1943 4854 sihi

385 4884 449 4943 buit
459 4886 578 4946 Photius
591 4909 619 4966 p.
633 4891 699 4960 538,
713 4911 748 4966 9,
763 4891 810 4949 die
829 4913 908 4951 nouo
921 4895 1027 4952 mensis
1046 4899 1152 4970 Pyane·
1195 4897 1265 4954 velit
1287 4907 1337 4953 aut
1366 4914 1426 4972 quo
1451 4894 1595 4974 pertineat
1615 4892 1673 4949 hae
1698 4890 1805 4968 glossa.
1832 4897 1943 4968 Sequens

387 4973 496 5049 psionis
510 4973 661 5036 celebratis
676 5001 682 5036 τ
701 4979 776 5037 conf.
787 4980 877 5038 schol.
891 4979 927 5039 ad
939 5001 965 5039 ν.
976 4981 1044 5049 834.
1061 4989 1151 5048 Diuo.
1194 4984 1325 5043 scholion
1338 4983 1373 5040 ad
1389 5003 1418 5040 v.
1429 4985 1483 5040 151
1501 4981 1693 5040 referendum.

387 5068 470 5130 -ld
494 5063 675 5124 scribendum
693 5065 768 5146 τρίτη
791 5066 819 5126 δὲ
839 5067 925 5127 oth-
938 5071 985 5139 45.
997 5071 1067 5149 Ejus
1082 5091 1151 5131 usus
1234 5073 1300 5145 162,
1324 5072 1361 5141 43
1375 5069 1411 5129 ⁴dl
1433 5068 1556 5151 ἄντικρυς
1569 5069 1722 5128 'codex.-
1733 5076 1770 5136 ll
1785 5065 1905 5148 Ὄρνισι,
1921 5085 1941 5116 τ.

389 5161 502 5228 poterat
522 5151 675 5214 scholiasta
687 5155 858 5216 celebriores
872 5178 989 5238 quoquc
1005 5173 1091 5218 testes
1109 5161 1151 5218 ci·
1195 5170 1327 5230 ι4ιο.-
1338 5157 1454 5228 οὔτίνες
1469 5155 1699 5216 δὲῶκεανῶτάσά
1709 5155 1803 5238 πτερά.
1819 5151 1945 5232 rwt'lsitf

390 5250 459 5313 lare,
483 5241 639 5300 Hesiodum
663 5247 721 5323 Op.
744 5247 801 5320 698
825 5269 832 5304 ε
857 5247 970 5328 πέμπτῳ
991 5246 1043 5307 ίτει
1069 5250 1099 5326 (i.
1124 5271 1149 5310 e.
1193 5247 1284 5331 ὡςάρν.
1294 5248 1473 5310 codexvide
1483 5259 1580 5307 notata
1589 5246 1716 5324 aduschol.
1726 5251 1775 5300 Ar.
1790 5241 1945 5313 rato-ld
