4100 6109
682 466 866 525 εσιιοιιι
895 462 937 525 ιν
966 466 1119 528 meam.
1466 454 1470 461 ’
1644 472 1700 539 τοι

112 602 275 689 τρειιημάεων
292 600 331 680 μή
347 598 514 679 ἐλέγχωνται.
531 594 636 675 γελοίως
654 587 699 655 οὖν
719 595 879 679 ἀμφοτέραις
900 604 905 687 γ
920 596 1038 657 ἐτίθεσαν
1049 602 1154 679 α’γγεῖον
1165 598 1255 677 ὅμοιον
1265 601 1377 683 λεκάνῃ,
1389 603 1482 672 ὕδατος
1494 606 1607 686 πλῆρες,
1619 608 1703 667 καὶέν
1743 596 1751 613 ’

112 704 160 761 ταῖς
173 690 245 775 χερσί
258 711 337 771 φησιν
350 690 487 767 ἐποψῆσαι
497 684 541 743 τθν
554 682 685 765 πρωκτὸν,
696 687 740 743 ἵνα
755 682 793 763 μή
807 688 842 749 ὡς
856 685 880 741 ot
920 688 959 762 τῷ
979 686 1078 767 ἀγγείῳ
1095 684 1179 767 τούτῳ
1199 685 1288 764 θμοιόν
1302 712 1328 747 τι
1341 690 1464 773 ποτήριον
1479 691 1702 771 περιεπήγνυσαν,

113 780 257 861 τριηράρχαι
265 774 389 857 κρύπτων
398 778 488 853 τρῆμα
496 776 543 843 τ’ής
551 769 614 837 νεὼς
623 772 690 851 ἅλῳ.
702 770 881 849 ἠναγκάζοντο
920 771 967 830 καί
987 771 1077 851 κύκλῳ
1090 777 1137 844 τῆς
1150 773 1261 845 λεκάνης
1278 776 1420 857 μυρσίνας,
1435 778 1481 839 καί
1494 778 1606 839 έὺαλλον
1620 783 1656 850 είς
1673 782 1704 840 τὸ

114 860 482 949 γέροίνσύκληροιτοσούτους
490 858 592 939 ναύτας
600 862 754 936 μισθοῦσθαι
763 856 813 917 όσα
825 848 881 937 εἶχε
921 858 1048 941 ποτήριον
1059 862 1142 920 ἐκεῖνο
1155 861 1186 921 τθ
1199 862 1416 941 άπολειπύμενον,
1429 865 1474 925 καί
1487 868 1663 937 θκαταδύσας
1673 869 1705 929 τὸ

94 956 260 1041 ιτροπήματα
273 959 292 1025 ἠ
305 950 423 1035 τριήρης.
484 946 592 1016 Ἄλλως.
611 946 670 1007 ἐπεὶ
688 950 712 1006 οί
728 944 882 1028 τριηράρχοι
922 946 1047 1029 ποτήριον
1061 946 1142 1007 ἐνίκα.
1156 954 1203 1007 νῦν
1219 947 1247 1007 δέ
1261 950 1325 1010 αύτθ
1342 952 1373 1012 τὸ
1394 956 1497 1033 ἀγγεῖον
1518 954 1646 1016 κόπαὸοη
1667 957 1702 1016 d·
1717 980 1734 1017 ς

114 1044 277 1123 λομὺάνοντες
294 1038 339 1099 τθν
354 1036 448 1118 μισθὸν
463 1041 509 1095 τοῦ
525 1033 701 1117 πληρώματος
717 1032 881 1114 ἀπέφραττον
924 1054 1002 1115 ρηκεν
1023 1033 1078 1093 ὑπὸ
1097 1040 1144 1093 τοῦ
1163 1036 1300 1116 κατάγειν.
1362 1034 1471 1109 Ἄλλως.
1494 1045 1547 1101 τῶν
1569 1044 1705 1104 κοττέὸων

114 1129 310 1213 ςλτρυαήματα
320 1131 372 1187 τῶν
387 1128 513 1207 ἐρετμῶν,
532 1121 576 1181 ἵνα
588 1121 626 1201 μή
646 1120 808 1201 ἐλέγχωνται
821 1118 883 1179 κλέ-
924 1119 969 1179 θύο
982 1113 1051 1195 ἠσαν
1066 1121 1137 1194 είθη,
1154 1121 1181 1181 έν
1196 1122 1243 1201 μέν
1256 1130 1304 1184 τοῦ
1317 1135 1448 1188 κατακτοῦ
1465 1130 1615 1208 λεγομένου.
1630 1124 1662 1204 ἠν
1677 1130 1705 1191 δέ

113 1244 207 1286 mm<
220 1217 309 1300 ἐρέτας
319 1218 350 1275 ἐκ
358 1220 404 1273 τοῦ
416 1212 463 1281 τθς
472 1208 604 1289 θαλαμιίις
614 1200 679 1269 εἶναι
687 1207 773 1276 κενάς.
787 1206 845 1279 έξής
855 1206 883 1267 δέ
924 1199 977 1269 οἷον
991 1209 1098 1290 λυχνίον
1112 1210 1220 1299 ὑψηλὸν,
1234 1211 1295 1290 ἐχον
1309 1215 1338 1273 ἐν
1350 1216 1422 1295 αὐτῷ
1434 1217 1583 1296 πρόσωπον,
1595 1218 1705 1296 θμάνην

114 1315 181 1369 τοῦτο
193 1304 299 1371 ἀστείως
314 1301 458 1382 ἐπήγαγεν,
472 1297 516 1357 διὰ
529 1298 560 1357 τθ
575 1294 762 1379 προειρημένον
777 1296 821 1355 ὑπ’
835 1298 884 1354 αύ-
924 1296 1044 1371 ἐκάλουν,
1058 1299 1099 1381 ἐρ’
1110 1290 1140 1358 οὑ
1154 1302 1207 1358 ἐδτι
1219 1302 1309 1359 πεσεῖν
1324 1302 1561 1379 καταύαλλομένην
1574 1304 1622 1378 τήν
1636 1304 1706 1365 πλά-
1818 1288 1825 1301 ⁵

86 1414 104 1450 ιιι
115 1393 240 1475 τῶιιῃδί
251 1392 314 1459 θιείς
324 1390 373 1462 τήν
382 1390 459 1471 χεῖρα
469 1385 512 1447 δελ
522 1391 569 1459 τῆς
580 1388 720 1463 θαλαμιᾶς.
731 1412 745 1437 ν
925 1406 1030 1464 στιγγα.
1053 1386 1141 1498 ἐτερον
1156 1384 1185 1444 δέ
1205 1386 1310 1466 ἀγγεῖόν
1329 1412 1356 1447 τι
1377 1390 1459 1458 ἐοικὸς
1481 1394 1589 1475 λουτῆρι
1608 1395 1705 1476 πλῆρες
1722 1426 1747 1465 10

152 1504 204 1544 ιεει.
224 1479 304 1541 ἐπεετ’
323 1478 368 1537 ἐπὶ
387 1474 509 1556 δεκάμνῳ
530 1472 609 1535 :Kal
630 1470 781 1550 ὑπομενεῖς,
803 1471 884 1552 μησί,
925 1472 1033 1545 ὕδατος,
1048 1475 1076 1532 ἐν
1089 1497 1112 1553 ῳ
1130 1472 1259 1554 θξύθαρον
1278 1466 1311 1547 ἠν
1328 1476 1452 1537 ἐπιπλέον
1469 1478 1500 1537 τθ
1516 1483 1629 1553 πλῆθος,
1642 1480 1707 1563 θπερ

113 1578 223 1633 τοσοῦτον
240 1564 364 1650 ἀργύριον
382 1566 464 1625 αὑτοῦ
480 1561 563 1629 διθοθς
578 1560 647 1623 ιὺστε
660 1561 768 1642 λασάνῳ
788 1559 885 1641 ἐγγείῳ
925 1559 1065 1619 καταδύειν
1072 1562 1124 1629 τοῖς
1133 1560 1240 1629 λάταξιν
1250 1564 1399 1643 ἐπειρῶντο.
1461 1564 1571 1635 Ἄλλως,
1581 1568 1708 1637 χότταὸης

114 1661 261 1742 χρήσασθαι.
926 1646 1060 1729 Ἀθήναιος
1074 1651 1100 1706 ἐν
1110 1652 1148 1730 τῷ
1161 1653 1190 1707 ιε’
1204 1651 1242 1729 [p.
1257 1651 1308 1729 σοι]
1321 1651 1400 1732 φησίν
1411 1651 1451 1712 ὅτι
1464 1656 1590 1729 Σικελική
1602 1678 1641 1723 τις
1652 1657 1708 1716 ἐστί

123 1730 130 1741 .
151 1768 203 1808 m
223 1742 306 1804 ema
323 1740 369 1800 τὸ,
383 1740 459 1823 &w
475 1758 482 1800 :
498 1740 630 1815 Μιμεῖται
643 1735 701 1804 τοὺς
720 1736 761 1794 ἐπ’
776 1732 884 1815 ἀληθεία
926 1734 1034 1805 παιδιά,
1047 1734 1161 1816 πρῶτων
1175 1737 1301 1817 εὑρόντων
1316 1739 1445 1817 Σικελῶν,
1459 1738 1495 1808 ὥς
1506 1764 1584 1823 φησιν
1600 1742 1710 1825 Κριτίας

85 1858 104 1895 ιε
114 1832 267 1911 ἐνδυομέναις
276 1828 337 1896 τοίνς
348 1826 468 1911 θώρακας
481 1826 526 1885 καί
541 1823 583 1884 διέι
597 1822 628 1883 τθ
642 1822 679 1901 μή
694 1824 815 1881 ὠνεῖσθαι
830 1820 886 1881 θλί-
927 1826 942 1882 ὑ
953 1822 1143 1903 Καλλαίσχρου
1155 1824 1245 1893 ἐντοῖς
1260 1824 1381 1903 ἐλεγείοις
1392 1852 1404 1878 ι
1417 1826 1543 1897 κότταύσς
1555 1831 1584 1890 ἐκ
1597 1832 1710 1903 Σικελῆς
1725 1860 1751 1901 1⁸

115 1924 163 1983 ύειν
176 1918 296 1999 λέγοντας
307 1918 353 1977 τὸν
368 1916 502 1996 τράχηλον
516 1912 534 1985 ἠ
548 1911 608 1980 τοὺς
620 1912 717 1989 ὤμους.
731 1914 842 1971 τοιαῦτα
858 1909 886 1969 δέ
928 1910 984 1969 ἐστί
998 1910 1105 1989 χθονὸς,
1122 1911 1250 1993 ἐκπρεπὲς
1268 1912 1351 1994 ἔργον.
1366 1941 1378 1967 ν
1393 1914 1552 1998 Δικαίαρχος
1567 1915 1594 1976 θέ
1608 1921 1622 1978 ὑ
1635 1922 1711 1979 Μεσ-

116 2034 172 2093 ρασι
185 2005 335 2088 βουλόμενοι
350 2004 472 2085 διακόψαι
485 2002 516 2061 τθ
530 2000 646 2079 τίμημα.
659 1999 734 2082 όρρος
748 1998 777 2059 θέ
790 2000 887 2058 ἐστινὺ
925 1998 1028 2071 ’σ-ήνιος,
1047 1998 1241 2079 Ἀριστοτέλους
1259 2000 1392 2077 μαθητής,
1410 2003 1437 2061 ἐν
1456 2006 1494 2083 τῷ
1513 2004 1574 2086 περὶ
1591 2004 1711 2065 Ἀλκαίου

115 2098 271 2175 ὑποκείμενος
286 2098 340 2161 τοῖς
357 2090 528 2174 σραιρώμασι
543 2088 632 2155 τόπος.
647 2090 725 2161 δῆλον
739 2087 767 2147 δέ
784 2085 886 2147 ἐτιλα-
927 2084 974 2145 καί
995 2086 1042 2157 τήν
1061 2085 1166 2165 λάταγα
1188 2086 1270 2158 αέιήν
1292 2078 1359 2147 εἶναί
1378 2112 1443 2171 ρησι
1462 2091 1599 2151 Σικελικόν
1616 2092 1709 2171 όνομα.

116 2187 162 2245 όίιν
181 2186 224 2244 τὀν
243 2182 352 2265 θύρακα
375 2179 529 2239 ἐπεκάθισεν
551 2179 624 2259 αύτῷ
644 2180 680 2245 εὑς
698 2174 823 2256 λασάνῳ,
843 2172 887 2236 ίνα
927 2173 1032 2252 λατάγη
1046 2173 1075 2233 δέ
1094 2176 1151 2233 ἐστι
1169 2174 1200 2233 τὸ
1221 2176 1426 2256 ὑπολειπόμενον
1444 2180 1475 2237 ἐκ
1493 2184 1539 2239 τοῦ
1559 2181 1712 2249 ἐκποθέντος

84 2292 106 2329 τι
116 2276 205 2353 μᾶλλον
215 2269 308 2351 κινήση
317 2268 429 2348 γέλωτα.
928 2259 1056 2345 ποτηρίου
1070 2261 1157 2343 ὑγρὺν,
1169 2261 1185 2320 θ
1199 2252 1415 2344 συνεστραμμένη
1429 2270 1462 2345 τῇ
1475 2266 1547 2349 χειρί
1560 2266 1657 2327 ἄνωθεν
1671 2269 1711 2350 ἐρ·
1723 2294 1752 2336 w

152 2381 207 2422 ιοιε.
229 2356 354 2439 μολιθθον
368 2354 475 2424 ἐςτουτί
489 2374 497 2415 :
510 2351 580 2413 Ἇντί
593 2358 640 2411 τοῦ
655 2350 826 2435 μολίθθῳτθν
838 2350 888 2411 κείν·
930 2348 1037 2430 ρίπτουν
1057 2352 1081 2410 οί
1102 2348 1237 2419 παίζοντες
1257 2353 1294 2419 τίς
1315 2351 1346 2410 τθ
1366 2352 1514 2415 κοττάύιον.
1536 2354 1661 2424 κότταύος
1683 2356 1711 2415 δέ

116 2455 177 2510 θωνα
197 2453 243 2519 τῆς
262 2444 407 2525 σάλπιγγος
426 2440 579 2523 πληρώσας.
597 2438 642 2499 τθν
662 2438 772 2498 κώθωνα
794 2436 821 2497 δέ
842 2444 889 2510 τῆς
929 2437 1049 2497 ἐκαλεῖτο
1067 2436 1114 2496 καί
1132 2436 1163 2495 τὸ
1181 2436 1315 2515 τιθέμενον
1336 2430 1414 2499 άθλον
1433 2445 1487 2509 τοῖς
1505 2447 1609 2503 νικῶσιν
1628 2445 1656 2503 ἐν
1673 2448 1713 2527 τῶ

117 2538 248 2613 σάλπιγγος
264 2531 440 2610 συμὺοολιὺει
459 2530 532 2610 αὐτῷ
545 2525 676 2602 πωμέσαι
697 2526 828 2607 μολίύθῳ,
842 2526 889 2585 καί
929 2524 1018 2604 πότῳ,
1032 2524 1078 2583 καί
1091 2523 1122 2583 τθ
1138 2524 1216 2603 ἄγγος
1230 2527 1267 2592 είς
1279 2525 1294 2585 θ
1308 2525 1447 2587 ἐνέὺαλλον
1462 2526 1520 2595 τσὺς
1532 2528 1666 2609 λάταγας,
1677 2534 1713 2600 ῶς

117 2628 139 2683 ἐν
152 2622 220 2700 μίσυ
236 2622 335 2701 ἐνεῖραι
350 2616 457 2698 ῥάθδον,
475 2614 519 2674 θνα
533 2614 641 2694 γίνηται
655 2613 786 2682 κατακτθς
799 2618 813 2673 θ
826 2612 887 2673 κύτ-
931 2613 1060 2692 Κρατῖνος
1073 2612 1100 2670 ἐν
1115 2610 1229 2689 Νεμέσει
1240 2610 1377 2675 δείκνυσιν.
1389 2612 1429 2673 θτι
1443 2612 1470 2675 θέ
1485 2614 1531 2674 καί
1541 2618 1658 2697 χαλκοῦν
1669 2610 1712 2691 ἠν,

86 2735 106 2773 τ.
116 2711 194 2779 τσύος.
206 2682 281 2778 Ιξύλον
301 2706 353 2787 γάρ
372 2703 549 2785 αἰωρήσαντες
564 2705 593 2762 ἐκ
607 2708 653 2761 τοῦ
668 2700 750 2779 μέσου
769 2699 888 2783 καθάπερ
932 2698 1047 2766 Εὔπολις
1060 2702 1088 2757 ἐν
1103 2700 1222 2769 Βάπταις
1239 2699 1320 2780 λέγει·
1336 2729 1348 2753 ιι
1364 2702 1459 2784 χαλκῷ
1475 2726 1509 2762 πε
1527 2702 1537 2762 ί
1555 2704 1685 2784 κοττάίῳ.
1700 2733 1712 2757 2
1726 2730 1754 2771 ης

116 2800 266 2875 πλάστιγγα,
281 2794 309 2864 ἐξ
323 2792 453 2875 ἑκατέρων
468 2796 520 2851 τῶν
535 2794 622 2873 μερῶν
638 2788 748 2861 ἐξῆπται
763 2787 888 2869 ἐλλύχνια
932 2786 1048 2848 Πλάτων
1062 2784 1089 2846 δέ
1103 2790 1129 2847 ἐν
1143 2782 1188 2850 Διί
1201 2786 1359 2870 κακουμένῳ
1378 2792 1485 2858 παιδιᾶς
1498 2728 1565 2859 κίδος
1581 2792 1715 2875 παροίνιον
1763 2852 1770 2868 ,

116 2889 156 2947 καί
173 2885 282 2963 κυμθεῖα
304 2884 396 2953 κοῖλα,
416 2878 463 2938 καί
480 2904 506 2937 τι
526 2880 631 2957 ἀγγεῖον
655 2878 774 2938 ἐτίθεσαν
796 2876 889 2945 ὑδατος
930 2874 974 2935 τίεν
988 2874 1117 2935 κότταὺον
1129 2866 1195 2935 εῖναι
1209 2874 1378 2954 ἀποδίδωσιν,
1390 2880 1417 2937 ἐν
1430 2872 1450 2958 ᾗ
1463 2877 1596 2948 ἐξίσταντο
1605 2880 1652 2940 καί
1662 2885 1714 2941 τῶν

117 2978 212 3057 πλῆρες.
230 2964 287 3031 εἶτα
306 2970 426 3050 καθάπερ
443 2969 487 3027 ἐπί
505 2966 634 3047 τρυτάνης
653 2964 684 3025 τὸ
702 2964 788 3045 ἕτερον
805 2964 889 3047 βαρύ·
932 2962 1078 3043 σκευαρίων
1092 2966 1116 3022 οί
1133 2961 1337 3032 θιακυύεύοντες.
1357 2966 1466 3027 ἐκάλουν
1485 2965 1512 3025 δέ
1532 2966 1649 3047 ἀγκύλην
1666 2968 1714 3041 τήν

116 3086 192 3130 νοντες
210 3059 286 3141 μέρος
309 3052 424 3139 προίζειν
445 3054 559 3127 ἐποίουν,
580 3052 649 3113 ὥστε
669 3052 834 3135 πληροῦσθαι
856 3050 889 3111 τά
931 3057 976 3111 τοῦ
994 3050 1124 3111 κοττάύου
1137 3051 1255 3132 πρόεσιν,
1270 3054 1313 3111 διὰ
1332 3053 1362 3112 τθ
1381 3057 1545 3134 ἐπαγκυλοῦν
1561 3054 1610 3130 τήν
1630 3054 1715 3127 δεξιάν

86 3173 106 3209 ει
118 3151 239 3229 έλλύγνισ.
252 3140 309 3208 εἶτα
319 3150 349 3206 τὸ
357 3146 443 3225 ἕτερον
450 3142 530 3203 πάλιν
541 3140 696 3223 βσρύνοντες
706 3142 797 3223 μέρος,
808 3139 889 3220 ἀνάγ·
931 3143 1008 3220 χεῖρα
1022 3140 1049 3197 έν
1063 3146 1116 3206 τοῖς
1130 3139 1377 3218 άποκοτταύισμοῖς.
1393 3140 1438 3200 καί
1453 3144 1615 3221 ἐγκυλητοίες
1627 3142 1715 3224 ἔλεγον
1728 3177 1755 3217 3)

117 3263 160 3310 κην
172 3218 270 3297 ἐποίουν
289 3230 480 3314 ἐνεγειρομένῳ
491 3228 537 3288 καί
548 3229 717 3299 σἰναπηδῶντι
737 3231 775 3307 τῷ
787 3228 891 3298 πιπλη-
932 3226 1085 3293 κοττάὺους.
1097 3225 1137 3285 ότι
1153 3225 1181 3286 θέ
1196 3217 1274 3287 άθλον
1285 3226 1422 3309 προίκειτο
1436 3234 1475 3311 τῷ
1485 3228 1636 3312 προεμένῳ,
1649 3255 1716 3313 προ·

118 3323 216 3406 ρωμένῳ
230 3326 260 3382 ἐκ
270 3324 323 3381 τῶν
338 3316 480 3399 ἐλλυχνίων
495 3312 660 3393 ἀναπέμπειν
678 3313 709 3374 σθ
728 3313 808 3397 ὕδωρ.
826 3312 889 3372 ὑπέ-
932 3312 1050 3393 είπομεν.
1065 3313 1184 3394 ἐλέγοντο
1203 3312 1232 3373 δέ
1250 3336 1319 3383 τινες
1336 3315 1381 3374 καί
1395 3317 1522 3377 κατακτοί
1536 3316 1669 3378 κύτταὺοι.
1683 3313 1715 3393 ἠν

118 3434 180 3471 κειτο
193 3410 219 3470 δέ
235 3408 270 3469 τίκ
283 3406 398 3486 κυμύεῖα
415 3408 470 3471 τοῖς
488 3402 645 3483 ἐλλυχνίσις,
664 3403 732 3461 ὥστε
753 3405 789 3470 εἰς
806 3407 890 3462 ταῦτα
933 3400 961 3462 δέ
972 3400 1078 3483 λύχνιον
1087 3400 1223 3481 άγόμενον,
1232 3401 1313 3462 πάλιν
1325 3426 1354 3462 τε
1367 3406 1527 3483 συμπῖπτον,
1539 3406 1639 3487 ὑψηλὸν
1653 3406 1713 3487 ἐγον

118 3500 188 3571 πάλιν
204 3498 344 3577 ἐμπίπτειν
363 3494 393 3553 τθ
413 3491 497 3575 ὕδωρ,
515 3490 562 3551 καί
583 3494 597 3549 ὑ
614 3494 666 3551 τῶν
687 3490 814 3549 πλειόνων
833 3492 891 3549 ἐπι·
933 3490 977 3551 τθν
990 3490 1077 3569 μάνην
1089 3488 1259 3567 καλούμενον,
1271 3490 1311 3572 ἐρ’
1321 3482 1343 3574 ᾧ
1353 3492 1403 3564 τήν
1414 3492 1651 3572 καταύαλλομίνην
1661 3476 1716 3555 effi.

88 3610 108 3646 ιε
118 3586 210 3667 ψαύσας
221 3582 354 3663 κυμύείων
369 3580 453 3642 ἐδόκει
463 3588 548 3639 νικᾶν.
561 3576 689 3637 κάτακτσε
701 3576 729 3637 δέ
742 3575 891 3649 ἐκλήθησαν
933 3582 1023 3639 πεσεῖν
1041 3578 1209 3658 πλάστιγγα,
1223 3580 1338 3639 ἐντεῦθεν
1352 3576 1381 3639 δέ
1395 3581 1535 3659 ἐμπίπτειν
1547 3584 1588 3650 ἐἰς
1602 3581 1715 3656 λεκάνην
1727 3618 1760 3657 η,

119 3672 164 3732 ιἰπθ
174 3678 217 3731 τοῦ
230 3669 356 3749 κατάγειν
368 3666 414 3727 καί
428 3658 462 3725 αὑ
478 3664 558 3725 πάλιν
575 3663 681 3745 ἐνάγειν
695 3664 739 3724 τθν
753 3662 890 3749 κάτταύον.
934 3664 1107 3743 ὑποκειμένην
1120 3667 1267 3744 πληγεῖσαν
1280 3669 1319 3748 τῷ
1333 3667 1464 3750 κοττάύῳ.
1482 3668 1528 3728 καί
1540 3692 1579 3739 τις
1591 3662 1624 3743 ἠν
1640 3672 1717 3753 ἐκρι-

118 3760 171 3841 ιτῳὶ
180 3760 227 3838 μὲν
239 3748 283 3818 σίν
292 3760 340 3828 τῆς
352 3752 450 3836 ράθδου
460 3750 506 3811 καί
517 3748 673 3831 Ἕρμιππος
684 3740 756 3809 εἶπεν
767 3753 794 3810 ἐν
805 3752 892 3831 Στρα-
936 3752 983 3827 θής
997 3752 1117 3835 εὐχέρεια
1130 3756 1178 3825 τῆς
1192 3754 1281 3832 βολῆς.
1294 3760 1341 3813 τοῦ
1355 3754 1384 3813 δέ
1397 3753 1481 3832 μάνου
1494 3756 1589 3817 πολλοί
1603 3755 1718 3835 μέμνην-

118 3848 233 3915 ποὺταιςι
246 3844 341 3928 ράύδον
354 3842 413 3923 ὅθεν
423 3840 470 3911 τήν
482 3837 651 3910 κστταθῑκὴν,
664 3841 691 3897 έν
703 3841 756 3905 τοῖς
768 3840 892 3919 ἐχυροῖσι
934 3864 987 3902 ται.
1000 3834 1033 3913 ἠν
1046 3838 1075 3899 δέ
1089 3840 1176 3922 ἐτερον
1189 3830 1256 3909 εἶδος
1270 3842 1377 3910 παιδιᾶς
1389 3846 1436 3914 τῆς
1448 3845 1476 3902 ἐν
1488 3842 1596 3925 λεκάνῃ.
1611 3843 1718 3917 αὑτηθέ

119 3938 305 4015 κυλινδομένην.
319 3958 332 3985 ν
346 3930 479 4009 μέμνηται
492 3926 520 3987 δέ
534 3925 580 3987 καί
592 3924 765 4007 Φερεκράτης
780 3928 806 3985 έν
822 3926 893 3987 ssav·
932 3929 1026 3997 ὑδατος
1037 3930 1193 4011 πληροῦται.
1205 3928 1362 3990 ἐπίκειτοθέ
1376 3930 1417 3989 ἐπ’
1428 3933 1495 4011 αὑτῇ
1509 3931 1628 4015 ἐξύθαῳα
1638 3932 1717 4008 κενὰ,

89 4055 109 4091 ιη
120 4024 195 4105 νυχίδι
208 4026 261 4082 τῶν
272 4018 406 4100 κυμὸείων
419 4017 464 4077 καί
475 4020 521 4075 τοῦ
536 4018 668 4073 κατακτοῦ
680 4012 820 4075 κοττάύου.
832 4013 893 4095 περὶ
935 4019 974 4101 ἐρ’
988 4018 1006 4077 θ
1021 4016 1161 4098 βάλλοντες
1173 4015 1220 4084 τθις
1232 4014 1351 4096 λάταγας
1364 4020 1394 4077 ἐκ
1406 4018 1560 4101 καρχησίων
1577 4023 1718 4103 ἐπειρῶντο
1731 4042 1756 4080 ιο

120 4112 200 4185 M<
211 4109 316 4170 πάντων
334 4106 433 4167 τούτοιν
453 4106 619 4175 κατασκευῆς
635 4101 681 4161 καί
693 4100 814 4184 χρήσεως
834 4101 892 4173 ἐξῆ-
935 4102 1086 4165 καταθύειν.
1101 4104 1223 4187 ἀνῃρεῖτο
1236 4102 1265 4163 δέ
1281 4103 1316 4164 τέ
1333 4104 1462 4166 κοττάύια
1477 4111 1491 4166 ὑ
1505 4108 1589 4168 πλείω
1603 4109 1718 4169 καταδύ-

120 4226 174 4261 κτιει
183 4200 227 4260 καί
241 4197 335 4263 ἐντοῖς
350 4194 480 4274 ἐκλογαῖς.
541 4186 650 4259 Ἄλλως.
665 4188 710 4249 τὸν
723 4188 833 4250 κώθωνα
847 4194 894 4263 τῆς
936 4216 993 4260 σας.
1006 4190 1047 4251 ότι
1063 4191 1092 4251 θί
1104 4194 1158 4251 τῶν
1172 4190 1310 4273 ἐρωμένων
1324 4193 1470 4272 ἐμέμνηντο
1484 4195 1601 4279 ἀφείσης
1613 4198 1655 4257 ἐπ’
1670 4200 1717 4256 αὖ.

121 4290 254 4367 σῶπιγγος
270 4278 444 4363 συμὺουλεύει
463 4282 535 4361 αὐτῷ
553 4277 683 4357 πωμάσαι
701 4276 832 4360 μολίόθῳ,
847 4278 893 4338 καί
935 4285 988 4350 τοῖς
1005 4278 1066 4349 τοὺς
1084 4279 1240 4358 λεγομένους
1257 4280 1413 4356 κοττάύοος,
1432 4284 1511 4357 θῆλυν
1529 4294 1598 4345 ποιεῖ
1616 4284 1719 4366 Ἀχαιὸς

122 4374 225 4456 ἐνμέσῳ
239 4376 335 4454 ἐνεῖρσε
351 4368 457 4453 ράθθον.
472 4366 540 4427 οὑτω
558 4364 609 4448 γθρ
628 4370 645 4437 ἠ
660 4368 749 4446 χαλκῆ
763 4364 849 4435 λάταξ
866 4368 893 4425 ἐν
936 4372 963 4429 ἐν
975 4368 1048 4430 Λίνον
1058 4366 1104 4427 καί
1115 4366 1298 4449 Καλλίμαχος·
1312 4397 1325 4423 ε
1338 4371 1431 4429 πολλοὶ
1441 4370 1487 4431 καί
1499 4371 1629 4452 ριλίοντις
1640 4353 1718 4433 ἐκόν-
1739 4422 1744 4431 .

94 4462 188 4545 ,μέσῳ
206 4463 302 4522 ἐτίθετο
319 4455 472 4541 ἠρτημένη,
489 4453 524 4522 ὥς
542 4476 630 4537 φασιν,
648 4453 701 4513 ἀπὸ
721 4456 768 4527 τῆς
785 4455 894 4535 ὄρνφῆε,
937 4490 948 4511 ι
964 4480 1018 4517 τιον
1032 4428 1098 4529 ἠκον
1116 4455 1193 4539 ἐραίε
1206 4456 1340 4517 οἰνοπόται
1355 4458 1469 4528 Σικελίις
1485 4464 1515 4521 ἐκ
1536 4460 1650 4521 κυλίκιον
1663 4460 1718 4522 λά·
1732 4482 1757 4519 ιε

123 4550 168 4610 ἐπί
187 4554 232 4609 τοῦ
253 4550 333 4609 αὐλοῦ
354 4551 400 4606 τοῦ
420 4542 514 4622 μέσον,
536 4540 605 4601 ὥστε
626 4540 840 4610 ἐποκοτταὺίζειν
859 4544 895 4609 εἰς
938 4568 1052 4623 ιταγας.
1065 4572 1077 4597 ι
1091 4544 1204 4612 Σικελὸς
1217 4544 1335 4613 δέαθτθς
1348 4550 1396 4607 οὐκ
1410 4546 1555 4616 ἐπεικότως
1569 4548 1717 4627 ὠνόμασεν,

123 4638 204 4711 αὑτήν.
216 4644 261 4697 νῦν
275 4636 302 4696 δέ
318 4634 365 4695 καί
379 4636 484 4713 άγγεῑον
497 4628 626 4689 κότταύσν
645 4629 741 4711 είρηκε.
762 4628 893 4689 κατακτὸν
937 4632 1009 4705 ἐπεί,
1025 4635 1062 4699 ὡς
1074 4630 1243 4711 προείπομεν,
1258 4634 1376 4693 Σικελῶν
1390 4635 1422 4693 τὺ
1435 4634 1548 4717 εὑρεμα,
1562 4635 1611 4696 καί
1623 4635 1718 4697 ίσποὺ·
1776 4626 1781 4635 ’

123 4722 394 4803 θέάπθταῦκατάγειν
404 4720 502 4780 ἄνωθεν
516 4722 549 4798 τῇ
563 4716 641 4799 χειρί.
914 4678 1034 4781 ίδασται
1044 4718 1144 4802 σρόδρα
1155 4722 1218 4801 παρ’
1231 4721 1492 4791 αὑτοῖςὺκότταόος.
1704 4748 1709 4759 ¹

158 4834 214 4875 ιειι.
230 4818 281 4873 τῶν
292 4812 432 4871 κατακτῶν
444 4804 580 4867 κσττάύων
592 4826 600 4866 t
613 4804 705 4873 Διττθς
714 4806 729 4864 ὑ
737 4804 831 4885 τρόπος
842 4810 894 4866 τῶν
979 4827 1040 4869 ινιτ.
1062 4805 1197 4889 σπαρτίοις
1208 4806 1361 4890 ἠρτημένην
1376 4830 1384 4870 τ
1398 4810 1439 4871 Τθ
1452 4809 1620 4889 μεσαίτατον,
1632 4811 1711 4894 ρησίν

93 4926 113 4961 αι
123 4900 258 4975 κοττάύων,
271 4892 307 4960 ῶν
320 4903 335 4958 ὑ
349 4896 397 4977 μέν
411 4896 496 4977 έτερος
509 4899 635 4961 τοιοῦτος·
653 4891 766 4953 ἵστασαν
780 4890 856 4963 ξύλον
869 4917 895 4953 τι
938 4894 1049 4969 ἐκθησον
1063 4894 1187 4977 σπάρτῳ,
1202 4894 1246 4955 ἵνα
1260 4896 1375 4978 τρυτάνη
1386 4897 1495 4976 γίνηται
1506 4902 1537 4960 ἐκ
1549 4905 1595 4959 τοῦ
1608 4904 1656 4974 τῖης
1670 4902 1720 4960 αὐ-
1734 4926 1758 4967 ιε

124 4988 214 5070 λυχνίῳ
226 4986 411 5071 παραπλήσιον
426 4982 538 5063 ἐνμέσῳ
550 4986 596 5041 τοῦ
614 4980 775 5057 συμποσίου,
790 4980 836 5041 καί
848 4982 893 5041 ἀπ’
938 4984 984 5042 λοῦ
999 4982 1082 5043 σάλπι
1117 5005 1153 5050 σς.

126 5076 215 5134 ἐκείνω
230 5075 329 5156 ήρτητο
344 5074 447 5151 ἀγγεῖον
460 5070 549 5149 ὅμοιον
567 5066 704 5149 όξυθάρῳ,
722 5072 758 5137 είς
772 5068 786 5127 θ
799 5068 829 5129 τθ
843 5093 896 5129 κα-
980 5092 1042 5133 ιεσο.
1065 5007 1139 5140 ούίσε
1152 5070 1236 5153 κράνη
1250 5073 1351 5150 κομίζει
1363 5072 1417 5135 δύο.
1431 5086 1462 5134 V.

127 5161 302 5239 ταλειπύμενον
318 5164 346 5219 ἐν
359 5165 398 5242 τῷ
417 5158 535 5239 ποτηρίῳ
548 5155 692 5228 ἠκόντιζον,
712 5156 759 5215 καῖ
775 5160 896 5217 ὑέπιτυ-
983 5181 1043 5222 ιεει.
1065 5159 1102 5219 ὅτ’
1121 5159 1257 5219 ἀντέδωκα
1275 5180 1284 5221 t
1303 5161 1371 5223 Τύτε
1386 5188 1420 5241 με
1443 5166 1597 5237 ἀπώλεσας,
1617 5169 1660 5225 θτε
1677 5164 1721 5224 καλ

128 5252 176 5331 χῶν
194 5250 301 5311 ἐνίκαθ
316 5248 344 5309 δέ
360 5248 444 5329 έτερος
457 5252 582 5314 τοιοῦτος·
602 5242 671 5304 κατίι
687 5250 733 5304 τοῦ
750 5246 896 5324 συμποσίου
917 5226 921 5257 ¹
942 5250 1000 5307 ιἰντὶ
1015 5248 1113 5309 τούτοιν
1127 5256 1195 5323 μνᾶν
1209 5246 1305 5310 έδωκα.
