4100 6109
685 448 874 509 νοιιοιιι
900 451 942 511 ιιι
971 450 1093 513 λιιι.
1361 424 1367 435 ’
1632 469 1685 520 ιιι

111 584 172 654 ἕξων,
185 584 206 641 εἰ
218 579 254 659 μή
274 588 338 640 πῦσε
354 579 445 663 νικῴη.
464 580 674 657 έποιωνιζύμενος
693 578 719 638 δέ
736 579 871 660 αὐτῷτὴν
912 584 952 649 λις
961 583 1143 664 Θεσπρωτίας.
1204 580 1314 653 Ἄλλως.
1324 583 1438 666 λαρινὸν)
1449 585 1688 670 ἀντίτοῦλιπαρόν,

110 672 171 743 νίκην
181 674 259 729 ταῦτα
270 666 361 747 λέγει.)
685 672 698 691 ”
911 671 942 729 έκ
957 680 1106 752 μεταφορᾶς
1117 675 1169 731 τῶν
1193 676 1272 751 βοῶν.
1293 670 1412 751 λέγονται
1429 672 1481 754 γάρ
1502 697 1569 743 τινες
1590 670 1691 757 λάρινοι

141 779 183 819 νιν.
203 756 311 815 ἀκούετε
326 755 380 837 λεῴ
395 776 403 816 :
416 754 507 832 Κῆρυξ
522 754 626 827 έοτίνῆ
645 758 871 841 Πεισθίταιρος.θ
913 756 971 838 βόες
984 762 1008 817 οἰ
1021 757 1168 840 λιπαροέ.ή
1185 760 1308 838 μεγάλοι,
1322 759 1375 819 ἀπδ
1388 765 1502 841 Ααρινοῦ
1517 785 1583 830 τινος
1595 766 1691 842 βοσκοῦ

110 848 172 927 λόγος
180 848 213 911 ὥς
223 842 266 902 ὀπὶ
277 842 411 921 πολεμίοιν
421 842 615 921 σπεισαμένων.
631 842 755 926 κήρυγμα
768 846 871 929 εἰρήνης
912 844 1073 924 εὐμεγέθους.
1084 846 1206 925 νέμονται
1216 849 1244 907 δέ
1254 846 1301 920 τήν
1312 848 1429 929 ήπειρον,
1437 840 1513 907 ούσαι
1523 853 1575 908 τῶν
1589 850 1692 929 Γηρυό-

89 934 225 1015 εεηρῦσσῖῑ·
251 930 341 1001 παίζεῑ
364 930 392 991 δὲ
422 934 457 999 Εἰς
480 928 539 998 τοὺς
565 932 740 1013 χυτροφόρους
763 933 872 1001 ὁπλίτας
911 956 952 1001 νος
967 938 1034 1013 βοῦν
1050 933 1182 1014 ἀπόγονοι.
1199 934 1315 1017 (θραύσει
1330 934 1372 1009 δὲ,
1387 938 1517 1017 πραϋνεῖ.)
1535 971 1574 983 -
1592 938 1719 1011 πείσει,ε

109 1024 209 1104 φάσκων.
228 1019 258 1079 τὸ
276 1018 305 1079 δέ
322 1020 443 1099 νυνμενὶ,
456 1018 514 1079 ἀντ)
533 1025 580 1080 τοῦ
594 1020 649 1080 νυν)
662 1020 719 1099 μέν.
733 1024 870 1103 πολλαχοῦ
911 1025 1104 1101 καταπραύνεῖ,
1114 1022 1288 1083 καταπαύσει.
1300 1034 1334 1084 V.

108 1108 337 1187 Biofiwfflmt.
955 1128 1003 1169 ιιι.
1028 1109 1090 1185 (οὐδ’
1104 1110 1229 1173 Αἴσωπον
1238 1108 1691 1192 πεπάτηκαςιὍιιτδνλογοποιὸν

140 1217 182 1257 ιον.
200 1194 365 1277 πορεύεσθαι.
377 1202 406 1249 R.
912 1194 1037 1256 Αἴσωπον
1051 1195 1095 1255 διδ
1111 1198 1223 1268 σπουδῆς
1236 1187 1316 1275 ε’ίχον.
1337 1190 1368 1269 ῆν
1388 1197 1416 1257 δέ
1436 1202 1450 1257 θ
1467 1199 1592 1267 Αίσωπος
1604 1200 1690 1282 θρβξ.

139 1306 181 1345 ιω.
202 1282 258 1361 (ότι
268 1281 519 1365 ἀνπρογράρωμενε
531 1280 651 1351 Ἐπίτάς
661 1282 872 1365 οτριιτείαςοθτω
911 1283 1078 1365 ἠλευθερώθη
1098 1279 1127 1343 δέ
1147 1283 1198 1344 ύπθ
1217 1280 1336 1361 Ἴδμονος
1355 1291 1402 1344 τοῦ
1422 1292 1520 1367 κωφοῦ.
1543 1287 1645 1367 ἀγένετσ
1662 1288 1691 1347 δέ

80 1400 97 1434 ιο
108 1373 261 1455 προέγραφον.
280 1376 298 1443 ἡ
312 1369 341 1429 δέ
356 1369 492 1453 μεταφορδ
508 1370 561 1429 άπό
575 1374 627 1430 τῶν
641 1371 793 1453 φυλάρχων,
807 1369 873 1432 οἵτε·
911 1374 1014 1451 πρῶτον
1028 1372 1133 1431 Ξάνθου
1144 1372 1244 1439 δοῦλος.
1255 1377 1270 1431 θ
1281 1372 1309 1431 δὲ
1320 1374 1435 1451 κωμικὸς
1445 1374 1560 1435 Πλάτων
1572 1376 1617 1435 καί
1631 1378 1691 1434 ἀνα·
1707 1390 1732 1429 ¹⁰

106 1488 139 1530 νες
151 1460 325 1543 προγράφουσι
337 1459 398 1527 τοθς
409 1458 613 1540 στρατευσίμους
627 1461 654 1517 έν
667 1458 781 1533 πίνακι.)
913 1454 1008 1519 όιιῖνοαί
1020 1482 1098 1540 φησιν
1118 1459 1196 1518 αὐτὸν
1208 1462 1235 1517 ῖν
1249 1467 1302 1527 τοῖς
1317 1460 1441 1521 Λάκωσιν
1456 1460 1537 1530 οὕτως
1551 1490 1563 1515 ι
1578 1462 1624 1521 καί
1638 1463 1690 1543 μὴν

138 1553 161 1607 έν
173 1556 222 1614 τοῖς
232 1545 363 1614 πινακίοις
376 1568 384 1605 :
397 1544 476 1607 Ἐπεὶ
488 1546 544 1613 ἔθος
552 1537 584 1617 ῆν
592 1544 651 1613 τσθς
661 1544 818 1628 ταξιάρχους
829 1544 872 1606 διδ
911 1544 1008 1622 ὅμορόν
1023 1569 1068 1625 μοι
1080 1544 1118 1626 μή
1131 1546 1267 1625 τεθνάναι,
1282 1548 1370 1629 ψυχήν
1384 1549 1406 1607 δ’
1420 1548 1525 1621 ἀνήκειν
1539 1547 1628 1631 ώοπερ
1643 1554 1690 1611 Αἰ-

107 1638 202 1719 κήρυαος
220 1635 397 1714 ἀπαγγέλλειν
414 1634 468 1701 τοῖς
481 1636 580 1692 έαυτῶν
595 1633 768 1714 στρατιώταις
781 1633 816 1693 τά
829 1635 871 1693 δε·
912 1630 1002 1692 σώπου
1016 1633 1089 1695 ποτέ.
1105 1662 1117 1685 ν
1131 1638 1183 1692 τῶν
1195 1633 1223 1694 δέ
1234 1636 1323 1711 μύθων
1338 1638 1362 1694 οῖ
1375 1634 1421 1713 μέν
1431 1636 1493 1717 περ)
1504 1635 1608 1716 ἀλόγων
1617 1636 1691 1721 ζῴων

106 1723 219 1803 δογμένα,
237 1713 293 1782 οῖον
314 1726 362 1781 πεῖ
376 1723 418 1781 δεῖ
434 1718 592 1805 πορεύεσθαι
606 1720 651 1780 καί
661 1720 750 1781 πόσων
763 1725 870 1805 ἡμερῶν
911 1720 976 1780 εἰσὶν
997 1720 1156 1796 Αἰσώπεισι,
1173 1726 1197 1781 οῖ
1217 1721 1246 1781 δέ
1265 1723 1326 1803 περί
1344 1722 1487 1805 ἀνθρώπων
1510 1723 1690 1806 Σούαριτικοί.

79 1833 96 1870 ιν
107 1816 139 1875 δεῖ
150 1811 214 1872 σιτία
228 1814 407 1891 προνοεῖσθαι.
911 1807 962 1867 εἰσί
977 1806 1005 1867 δέ
1017 1832 1085 1877 τινες
1105 1808 1131 1870 οῖ
1151 1808 1210 1877 τοὺς
1232 1814 1338 1891 βραχεῖς
1358 1811 1404 1871 καί
1424 1811 1565 1889 συντόμους
1586 1812 1690 1891 λέγουσι
1707 1839 1731 1877 ιιι

138 1922 180 1961 ιιι.
201 1898 319 1981 [δολερὸν
333 1895 380 1977 μέν
392 1898 433 1957 ἀεῖ
446 1916 453 1958 :
468 1894 588 1965 Εῖοθεοις
600 1896 693 1974 μέλους
703 1902 783 1977 χοροῦ
794 1896 871 1977 λόγον
911 1893 1101 1975 Συύαρέτιδας,
1112 1897 1232 1978 καθάπερ
1243 1897 1417 1978 Μνησίμαχος
1428 1900 1454 1957 έν
1467 1898 1689 1980 Φαρμακοπώλῃ.

107 1992 202 2071 στροφῆς
215 1987 322 2067 έχουοα.
339 1984 395 2065 ἔχει
408 1983 459 2067 γάρ
473 1986 519 2043 καὶ
531 1982 699 2067 ἀντίστροφον
712 1983 761 2056 τήν
776 2012 789 2037 ιι
803 1984 871 2045 πσλθ
911 1978 955 2038 διά
968 1983 1085 2057 σπουδῆς
1096 1982 1124 2042 δέ
1135 1974 1206 2064 εἶχον
1217 1983 1261 2043 τόν
1275 1982 1406 2045 Αῖοωπον.
1418 1984 1464 2043 καί
1476 1985 1654 2067 Ἀριστοτέλης
1664 1991 1691 2047 έν

107 2077 132 2149 δι)
145 2076 204 2135 πολὶι
218 2074 260 2147 δή.
279 2102 293 2127 ι
317 2072 375 2132 ἔστι
392 2070 420 2132 δέ
442 2072 488 2132 καί
502 2070 619 2153 έπῳδική
639 2070 686 2149 μέν
701 2070 745 2131 διδ
757 2070 788 2130 τὸ
802 2069 871 2149 μετὰ
911 2092 943 2149 τη
959 2071 1070 2148 Σαμίων
1083 2071 1201 2153 πολιτεία
1216 2070 1322 2131 εἰπόντα
1333 2072 1412 2153 φησίν
1426 2072 1504 2132 αύτὸν
1517 2078 1598 2151 μῦθον
1609 2078 1691 2147 ηὐδο-

106 2165 144 2235 τῆν
155 2162 266 2244 περίοδον
278 2161 409 2221 τίθεσθαι·
421 2158 557 2242 προῳδικι)
571 2156 598 2217 δέ
610 2157 653 2217 διά
664 2159 695 2217 τθ
704 2158 871 2240 προτίθεσθαι
911 2156 1060 2233 κιμηκέναι.
1073 2156 1208 2237 φαίνονται
1219 2159 1250 2217 τὸ
1259 2165 1374 2218 τοιοῦτον
1386 2157 1458 2217 ἅπαν
1470 2158 1589 2241 Αἰσώπῳ
1601 2163 1691 2221 ἀνατι·

77 2270 97 2309 ιο
106 2252 181 2333 ἑτέρας
191 2252 281 2321 διπλῆς
292 2248 386 2309 κώλων
396 2248 441 2308 καί
450 2247 548 2327 στίχων
560 2247 592 2306 θ’.
607 2236 643 2307 ών
655 2250 780 2327 θπρῦιτος
792 2248 872 2305 ἀσυν-
911 2241 1003 2311 θέντες.
1014 2244 1045 2305 τὸ
1057 2244 1084 2303 δέ
1095 2249 1214 2317 πατῆσαι
1232 2245 1288 2305 ἰσον
1302 2245 1358 2307 lad
1371 2248 1409 2327 τῷ
1423 2248 1598 2330 ἐνδιατρῖψαι,
1612 2254 1647 2317 ώς
1660 2251 1690 2309 τὸ
1703 2268 1731 2307 κο

106 2340 200 2421 άριητος
212 2339 237 2408 ῖὶ
251 2335 587 2418 ἀναπαιστικῖινδεμίτρων
599 2334 870 2417 βραχυκαταλήκτων,
911 2332 1052 2413 ἀφικέσθαι
1063 2357 1115 2393 που
1129 2333 1249 2412 λέγομεν.
1309 2331 1419 2403 Ἀλλως.
1437 2336 1495 2393 ἀντ)
1507 2343 1554 2397 τοῦ
1568 2337 1688 2418 ἀνέγνως.

105 2426 143 2485 κεῖ
159 2424 279 2504 ἰαμύικῆς
300 2424 402 2505 βάσεως
416 2421 460 2483 διά
473 2423 521 2496 τήν
541 2422 690 2505 ἀδιάφορον.
712 2426 727 2481 θ
750 2420 870 2503 δεύτερος
910 2426 994 2479 ταῦτα
1015 2420 1062 2499 μέν
1080 2420 1262 2501 κωμεκώτερον
1282 2422 1378 2491 παίζει.
1393 2422 1437 2482 τὸν
1457 2423 1484 2483 δέ
1504 2426 1612 2505 κορυδὸν
1628 2426 1690 2485 ένιοι

106 2512 263 2595 ἀσυνάρτητος
280 2511 451 2590 ῖξῖαμύικοῦ
469 2508 592 2591 διμέτρου
614 2508 870 2592 βραχυκαταλήκτου
910 2508 1054 2589 κορυδαλδν
1067 2506 1183 2589 λέγουσι.
1198 2508 1288 2587 γῆςδί
1311 2510 1380 2591 ἱερὸν
1398 2509 1468 2591 ὄρνιν
1486 2534 1547 2589 νομι
1561 2535 1632 2572 ουσιν
1653 2504 1690 2572 εἶ-

106 2601 143 2663 καί
156 2604 340 2672 ἀναπαιστεκῆς
355 2598 464 2679 βάσεως.
479 2602 493 2658 θ
508 2598 593 2680 τρίτος
605 2597 794 2665 ἀναπαιστικδς
808 2620 871 2656 πεν-
910 2598 979 2672 ναι.)

77 2716 96 2753 τε
106 2688 241 2771 θημιρερής.
255 2692 270 2748 θ
283 2688 307 2748 δ’
318 2687 496 2769 ἀσυνάρτητος
507 2688 536 2747 ἀκ
549 2691 692 2767 τροχαῖκοῦ
704 2690 871 2763 πενθημιμε-
951 2702 1001 2743 νει.
1024 2682 1067 2759 (ἀν
1078 2686 1112 2763 τῇ
1125 2684 1228 2764 κεφαλῇ
1244 2680 1384 2762 κατορύξαι
1397 2705 1405 2744 ε
1422 2684 1501 2746 Ἐπεὶ
1513 2683 1593 2768 λόφον
1605 2684 1689 2767 ἔχειν)
1703 2713 1730 2753 ια

107 2776 145 2860 ρής
156 2776 197 2839 καί
210 2778 400 2837 ἀναπαιστικοῦ
412 2774 512 2853 θμοίου.
524 2772 668 2852 θπέμπτος
681 2772 769 2851 ὀμοιος
781 2776 820 2853 τῷ
833 2772 869 2852 γ’.
910 2770 1025 2851 κορυδός.
1041 2773 1159 2841 θηλυκῶς
1178 2770 1206 2831 δέ
1222 2770 1310 2851 εἴρηκε
1323 2768 1372 2843 τήν
1392 2770 1510 2852 κορυδόν.
1526 2772 1641 2833 Πλάτων
1661 2772 1689 2833 δέ

107 2870 119 2923 ἰ
135 2866 156 2933 ς’
178 2862 366 2929 ἀναπαιστικδς
389 2861 508 2945 δίρατρος
533 2861 792 2942 βραχυκατάληκεος.
812 2863 828 2919 θ
847 2860 869 2928 ζ’
911 2858 1072 2938 ἀρσενικῶς.)
1522 2869 1528 2881 ’

107 2950 265 3033 ἀσυνάρτητος
287 2949 316 3019 ἐξ
336 2950 530 3022 ἀναπαιστικῆς
548 2949 649 3030 βάσεως
668 2948 713 3008 καί
727 2953 869 3031 τροχαῖκοῦ
950 2963 997 3004 ενα.
1020 2943 1142 3025 [τεθνεώς
1164 2946 1304 3027 Κεφαλῆσι
1322 2965 1331 3007 :
1353 2944 1520 3027 Προσέπαεξε
1537 2944 1581 3005 εδν
1596 2948 1689 3027 δῆμον.

107 3042 267 3122 ἰθοφαλλικαῦ.
281 3040 311 3097 ἀν
325 3036 436 3098 ιίσθέσει
448 3036 476 3097 δὲ
489 3036 575 3118 στίχοι
586 3035 771 3096 ἀναπαιστικοί
781 3034 871 3116 τετρά-
910 3032 1035 3113 Κεφαλῆς
1047 3033 1098 3113 γδρ
1112 3032 1195 3111 δῆμος
1207 3037 1253 3104 τῆς
1265 3032 1451 3111 Ἀκαμαντίδος
1462 3032 1568 3115 φυλῆς]

78 3150 98 3189 αι
108 3152 183 3209 μετροι
192 3125 379 3199 καταληκτικοί
393 3124 439 3185 δύο
457 3125 543 3203 ὀμοιοι
554 3134 608 3192 τοῖς
623 3123 667 3183 ῖπῖ
680 3129 726 3197 τῆς
742 3122 799 3195 ἑξῆς
812 3126 869 3184 εἰο-
949 3139 999 3181 ⁴7⁹.
1021 3120 1126 3203 (βίγχος
1141 3119 1243 3201 βόσκειν
1258 3142 1288 3178 σε
1305 3140 1313 3181 :
1328 3111 1402 3195 Οἶον,
1415 3120 1503 3201 μωρὸν
1515 3120 1623 3181 ἑστάναι
1637 3122 1690 3201 μά·
1703 3140 1731 3180 αν

107 3214 187 3283 θέσεως
202 3214 249 3285 ξά.
259 3213 358 3297 ὀφείλει
373 3204 480 3273 δίείναι
497 3213 542 3272 καί
556 3214 583 3271 έν
597 3212 651 3280 τοῖς
663 3212 808 3295 εἰρημέναις
817 3209 870 3269 κώ-
909 3230 957 3277 την
972 3206 1068 3287 ῥύγχος
1086 3206 1190 3288 έχοντα.
1205 3204 1223 3279 ἢ
1237 3210 1274 3275 ώς
1290 3209 1317 3266 έν
1335 3207 1462 3290 κωμῳδίᾳ
1476 3208 1540 3288 φησί
1560 3209 1649 3284 μεῖζόν
1665 3236 1691 3270 τε

107 3306 151 3369 λαις
172 3302 311 3381 διάλειμμα
332 3300 435 3383 μυερόν,
457 3299 501 3360 ἵνα
523 3302 633 3360 δοκῶσιν
657 3304 688 3360 έκ
706 3298 753 3359 δύο
775 3297 869 3358 κώλων
909 3295 1018 3376 ὀφείλεις
1031 3295 1101 3375 ἔχειν
1114 3296 1219 3377 βύγχος.
1230 3296 1310 3355 πάλιν
1325 3295 1478 3356 δίἀντίτοῦ
1491 3297 1611 3379 ῥάμφος.)

108 3394 252 3468 συγκεῖσθαι,
272 3387 457 3448 συνάπτωνται
471 3386 499 3446 δέ
519 3390 555 3455 εἰς
577 3386 622 3447 ένα
645 3385 745 3466 στίχον.
767 3385 812 3444 έπί
831 3386 870 3465 τῷ
949 3402 997 3443 wo.
1019 3386 1057 3465 τῷ
1071 3384 1240 3465 δρυκολάπτῃ
1256 3404 1265 3444 :
1279 3381 1389 3464 Ὀρνεον
1403 3386 1429 3443 έν
1446 3384 1503 3451 ταῖς
1516 3385 1606 3465 δρυσίν
1621 3389 1690 3467 εύρι-

107 3478 164 3535 τελιι
175 3480 218 3547 τῆς
230 3474 277 3552 μέν
289 3478 404 3555 στροφῆς
416 3471 588 3555 παράγραφος
602 3472 648 3533 καὶ
661 3472 714 3532 έσω
724 3478 869 3532 νενευκυῖα.
910 3470 1046 3549 σκόμενον,
1057 3474 1149 3541 ζητοῦν
1168 3468 1320 3544 σκώληκας,
1333 3470 1357 3548 (θ
1377 3471 1422 3531 καῖ
1441 3470 1568 3539 πολλάκις
1582 3474 1690 3556 ἀνορύτ-

78 3582 99 3621 a
109 3564 144 3623 έπῖ
154 3564 178 3623 δέ
189 3568 234 3635 τῆς
247 3562 384 3629 εἰσθέσεως
396 3560 446 3630 ἔξω
459 3561 564 3642 διπλῆ]
910 3580 954 3617 τον
967 3557 1151 3637 καταύάλλιι).
1164 3558 1220 3617 ἀπε)
1230 3552 1273 3618 σύν
1284 3564 1301 3632 ή
1317 3560 1377 3640 δρῦς
1385 3564 1431 3618 τοῦ
1441 3557 1501 3625 Διός
1510 3560 1589 3632 έστιν,
1599 3559 1690 3631 έπαιξε
1703 3582 1731 3621 οε
1766 3560 1773 3571 ’

139 3670 182 3712 ιον.
201 3660 335 3733 παρορᾷςτ
350 3645 553 3729 Παρεπινοεῖςῆ
568 3647 703 3730 εύρίοκεις.
910 3643 984 3725 παρὰ
996 3644 1044 3717 τὴν
1059 3646 1129 3727 δρῦν,
1143 3645 1161 3719 ή
1175 3648 1246 3706 ὀστιν
1258 3644 1317 3710 ίεοά
1329 3651 1375 3706 τοῦ
1389 3645 1458 3714 Διός.
1473 3645 1491 3717 ἢ
1504 3647 1562 3706 ῖπεί
1573 3651 1603 3707 ἐκ
1614 3648 1690 3718 ξύλου

139 3758 181 3799 νεα
200 3735 430 3817 παραλειπομένην
444 3736 488 3795 ὑπ’
502 3738 567 3815 έμῆς
579 3734 669 3818 φρενδς
689 3756 697 3797 t
720 3733 871 3815 [Ἔγκατω
909 3732 940 3791 τθ
955 3736 1098 3814 σκῆπτρον.
1115 3731 1215 3816 δρῦςδέ
1230 3734 1304 3815 παρὰ
1315 3735 1368 3801 τοῖς
1381 3732 1499 3816 ἀρχαίοις
1510 3742 1564 3792 πῖῖν
1576 3734 1660 3804 ξύλον.

108 3824 272 3905 λειπομένην]
288 3824 321 3897 ῆν
333 3826 411 3902 ἡμεῖς
424 3824 453 3881 οό
464 3828 585 3901 νοοῦμεν.
605 3822 647 3905 [έν
660 3845 714 3881 τισι
728 3822 756 3881 δέ
771 3824 800 3881 ού
816 3824 871 3881 κεῖ-
950 3840 999 3880 ιιιε.
1021 3820 1133 3901 Δαρείου
1149 3820 1194 3881 καὶ
1204 3819 1364 3899 Μεγαύάίου
1377 3844 1384 3882 :
1398 3822 1506 3902 Δαρεῖος
1519 3822 1639 3901 βασιλεὺς
1648 3816 1691 3897 ῆν,

108 3935 145 3970 ται
155 3912 181 3970 τό
192 3913 287 3993 φρενός.
301 3909 423 3980 ἀξυνέτου
437 3910 479 3982 δέ,
493 3910 629 3991 ἀνοήτου]
844 3942 851 3949 -
912 3908 1069 3986 Μτγάόαζος
1088 3907 1116 3967 δέ
1130 3906 1281 3989 σατράπης,
1295 3907 1437 3987 (πορθήσας
1452 3907 1602 3991 Μέμφιδα).
1645 3903 1690 3969 ού-

80 4028 100 4065 a
140 4019 183 4059 νει.
202 4001 243 4077 (ὣς
256 3998 303 4065 τάς
317 3996 428 4065 σπονδάς
443 4016 450 4058 :
464 3996 529 4059 ‘Ort
542 3998 594 4079 πρὸ
608 3996 871 4079 καταγνώσεως,φη-
910 4020 954 4064 τος
966 3995 1104 4076 σατράπης
1113 3994 1305 4076 Δαρείουθτῆν
1314 3995 1446 4075 Αἴγυπτον
1458 3988 1573 4055 ἑλώνού
1584 4022 1688 4076 μνημο-
1704 4021 1731 4061 ςο

110 4086 150 4159 σίν,
162 4088 188 4145 ού
200 4084 470 4165 παρασπονδήσομεν.)
911 4082 978 4142 νεύει
991 4080 1154 4153 Θουκυδίδης
1165 4083 1192 4139 έν
1212 4085 1245 4160 τῆ
1258 4077 1350 4161 πρώτη
1363 4088 1401 4153 (υ.
1418 4090 1468 4154 νον]
1485 4082 1592 4165 γράφων
1610 4084 1691 4153 ούτως

141 4194 183 4232 ωε.
204 4172 256 4251 (καί
266 4170 319 4249 μήν
329 4173 398 4252 ὀργῶ
407 4170 492 4243 νὴτθν
501 4169 553 4230 Δία
564 4188 572 4230 :
583 4168 797 4246 Ἐπιθυμητικιῦς
808 4168 870 4250 έχω.
912 4200 923 4223 ι
939 4170 1097 4251 Μεγάύαζον
1111 4169 1155 4228 τδν
1170 4168 1298 4250 Ζωπύρου
1311 4167 1412 4247 πέμπει
1425 4169 1507 4250 ἄνδρα
1520 4170 1626 4252 Πέρσην
1641 4198 1689 4251 με·

110 4260 154 4319 ἀπὸ
164 4264 212 4318 τῦνν
222 4260 346 4341 ἀλφίτων.
358 4262 423 4336 ὁμοῦ
438 4257 488 4338 γδρ
503 4256 614 4339 ἐφόρων,
629 4248 687 4316 εἶτα
704 4260 740 4325 εἰς
753 4258 871 4338 μάκτρας
912 4284 923 4309 ι
937 4255 971 4316 τθι
985 4258 1083 4329 πολλῆς
1101 4264 1241 4339 στρατιᾶς,
1255 4254 1283 4323 θς
1303 4254 1458 4337 ἀφικόμενος
1478 4256 1546 4316 κατὰ
1560 4262 1619 4336 γῆν,
1632 4261 1691 4328 τούς

111 4346 249 4425 διενέμοντο.
262 4346 294 4406 τθ
306 4346 334 4405 δέ
348 4346 405 4418 έξῆς
420 4346 519 4417 παίζει,
532 4349 567 4411 ώς
583 4343 643 4427 περ)
661 4344 764 4405 δείπνου
777 4344 870 4425 λέγων,
912 4372 924 4397 ι
938 4368 967 4403 τε
985 4343 1144 4422 Αἰγυπτίους
1157 4342 1204 4402 καί
1216 4342 1275 4412 τοὺς
1293 4342 1450 4423 συμμάχους
1466 4342 1541 4425 μάχη
1560 4343 1690 4426 ἐκράτησε

81 4456 101 4493 ιε
111 4434 183 4494 καίτοι
193 4434 261 4517 λόγῳ
273 4433 374 4512 μέλλων
387 4433 481 4500 αὐτούς
495 4434 626 4511 εὐωχεῖν.)
912 4432 983 4491 «καί
997 4434 1028 4491 έκ
1040 4431 1176 4513 Μέμφιδος
1189 4430 1274 4502 ἤλασε
1284 4428 1524 4503 τοθςἝλληνας,ν
1703 4457 1730 4495 ης,

143 4522 191 4599 (καί
203 4519 398 4603 προπεφύραται
412 4541 419 4581 :
434 4518 651 4601 Ηύτρέπισται.ή
673 4520 808 4603 μεταφορά
818 4520 870 4580 ἀπδ
950 4540 998 4580 ωε.
1020 4516 1089 4577 ώστε
1109 4520 1230 4578 καλεῖται
1253 4516 1383 4597 Περσικὸς
1404 4537 1412 4577 :
1430 4516 1542 4589 Μήποτε
1562 4518 1607 4577 τὸν
1626 4520 1690 4579 ἀλε-

111 4612 153 4665 τῖνν
165 4608 256 4689 α’λευρα
276 4606 425 4687 φυρώντων,
443 4596 500 4666 εἶτα
514 4606 599 4685 μάζας
612 4605 775 4686 ποιούντων.)
795 4606 869 4688 [δια-
911 4606 1074 4686 κτρυόνακαλ
1086 4603 1461 4686 έντοῖςπρόοθτΜῆδονάρνιν
1474 4606 1690 4685 namnam}

112 4693 204 4771 μάττειν
217 4694 257 4768 δέ,
271 4693 462 4775 διαπλάττειν]
910 4694 968 4761 τοθς
983 4692 1088 4775 Πέρσας
1101 4693 1208 4765 Μήδους
1218 4691 1316 4770 έλεγον.

144 4802 186 4843 ιον.
207 4782 266 4863 φέρε
279 4781 380 4841 παῖτδν
392 4776 518 4864 στέφανον
531 4801 538 4841 :
551 4781 615 4848 Τοῖς
624 4779 674 4863 γάρ
684 4780 871 4861 εὐωχουμένοις
950 4802 998 4842 νου.
1020 4780 1079 4840 ἀντὶ
1092 4785 1137 4838 τοῦ
1148 4778 1330 4862 περιέρχεται,
1341 4778 1469 4859 περιέπει.
1481 4790 1512 4838 R.

83 4869 253 4951 wmpoe'mm
275 4868 410 4951 στέφανοι,
429 4867 626 4951 καταψύχοντες
645 4868 675 4927 τδ
689 4870 793 4950 κρανίον
809 4867 871 4949 (ἀπὸ
950 4888 998 4930 εεν.
1018 4867 1066 4941 τήν
1080 4867 1225 4949 κυρύασίαν
1238 4888 1246 4928 z
1260 4870 1347 4927 Τοῦτο
1361 4865 1388 4935 ἐξ
1401 4866 1517 4948 ἱστορίας
1527 4867 1625 4950 εἴληφε.
1637 4880 1689 4930 πᾶ·
1704 4892 1730 4929 σο

113 4962 150 5027 τῆς
161 4964 201 5017 τοῦ
214 4956 281 5017 οἴνου
294 4956 409 5038 θέρμης).
912 4980 937 5016 σι
946 4956 998 5038 γάρ
1010 4956 1126 5035 Πέρσαις
1135 4954 1194 5027 ἐξῆν
1203 4954 1251 5026 τήν
1263 4954 1356 5035 τιάραν
1368 4962 1464 5035 φορεῖν,
1474 4954 1532 5013 ἀλλ’
1544 4960 1591 5015 οὐκ
1602 4958 1690 5039 ὀρθὴν,

146 5064 187 5103 ια.
207 5044 274 5123 μέγα
287 5043 332 5103 καὶ
344 5042 450 5125 λαρινὸν
462 5063 469 5103 :
485 5042 546 5122 (Διά
558 5042 651 5103 τούτου
664 5046 750 5124 πολλῇ
764 5048 797 5124 τῇ
811 5068 872 5126 τρο-
911 5048 946 5112 ώς
960 5044 1122 5124 Κλείταρχος
1136 5044 1162 5102 έν
1177 5047 1210 5122 τῇ
1225 5041 1332 5121 δεκάτη.
1348 5041 1422 5120 μόνοι
1434 5042 1462 5100 δέ
1477 5044 1501 5101 οἱ
1512 5046 1564 5102 τῶν
1580 5047 1689 5127 Περσῶν
1791 5102 1795 5107 ,

115 5136 146 5210 πῆ
159 5132 269 5208 ἐπέμεινε
281 5134 328 5202 τῆς
340 5130 458 5210 εύωχίας.
471 5132 506 5197 ὡς
521 5130 563 5189 έπί
578 5130 636 5209 βοδς
651 5129 678 5188 δὲ
694 5131 770 5191 τοῦτό
784 5154 870 5209 φησιν,
914 5134 1030 5211 βασιλεῖς
1041 5133 1128 5213 ὀρθαῖς
1140 5134 1264 5211 έχρῦιντο.
1281 5128 1337 5207 (τήν
1350 5126 1378 5188 δέ
1392 5128 1435 5187 ἀπὶ
1447 5129 1562 5209 κεφαλῆς
1575 5130 1686 5214 κίδαριν.

115 5221 144 5283 ὡς
157 5222 179 5277 έν
193 5217 308 5298 Ααρίτσῃ
323 5219 442 5299 μεγάλων
458 5221 525 5297 βοῶν
538 5216 691 5296 γενομένων.
708 5217 763 5277 έοτι
776 5217 804 5279 δέ
821 5216 869 5279 πό-
912 5219 967 5279 έστι
978 5218 1005 5277 δὲ
1021 5215 1102 5291 αὕτη,
1114 5216 1184 5278 καθά
1192 5216 1359 5297 προείπομεν,
1373 5214 1460 5297 τιάρα.
1475 5216 1529 5283 τοῖς
1539 5214 1587 5293 μὲν
1602 5218 1689 5287 ἀλλοις
