4100 6109
646 762 1187 905 PttAE-Fattu.

326 1596 554 1667 Scholiornm
574 1604 733 1661 veterum
755 1588 790 1657 ln
811 1590 1102 1685 Aristophanem,
1123 1615 1202 1685 qnae
1218 1616 1291 1659 non
1311 1592 1521 1687 prostabant
1537 1586 1605 1661 nisi

280 1720 480 1791 multorum
504 1712 730 1785 voluminum
752 1710 1035 1782 'collectionibus
1059 1714 1178 1783 Bechii
1208 1714 1429 1809 Belleriqtre
1456 1714 1605 1803 inclusa,

281 1842 533 1941 parabiliorem
565 1836 701 1908 librum
722 1834 886 1905 emittere
920 1835 1213 1921 decreveramus,
1246 1864 1360 1933 quum
1380 1843 1606 1909 Gurnrntrnns

282 1972 505 2037 Drauonrms
532 1960 670 2055 magnis
698 1958 734 2028 iu
756 1955 857 2027 hunc
883 1960 1065 2029 comicum
1097 1961 1231 2029 meritis
1259 1960 1446 2031 cumulum
1468 1962 1604 2031 addidit

281 2088 506 2161 scholiorum
538 2082 685 2153 illorum
717 2078 879 2151 editione
913 2081 1035 2151 critica
1065 2098 1099 2152 et
1129 2083 1256 2153 ceteris
1290 2084 1463 2153 omuibus
1492 2084 1608 2153 multo

282 2208 527 2307 locupletiore.
559 2208 592 2276 ls
612 2204 709 2275 enim
731 2228 805 2273 non
833 2202 952 2274 solum
978 2205 1241 2275 vetustissimos
1267 2208 1432 2277 omnium
1456 2222 1491 2276 et
1520 2232 1608 2301 prae·

282 2332 522 2403 stantissimos
533 2328 689 2416 codices,
712 2330 954 2398 Ravennatem
965 2341 1000 2398 et
1011 2331 1201 2415 Venetam,
1222 2328 1345 2399 denno
1360 2327 1608 2411 excutiendos,

284 2454 346 2525 sed
369 2454 459 2524 alios
489 2474 636 2548 quoque
659 2474 734 2521 non
760 2473 896 2546 paucos
925 2474 1007 2519 cum
1035 2449 1174 2521 Aldinis
1199 2451 1346 2522 scholiis
1370 2446 1610 2521 conferendos

284 2576 444 2663 curavit,
474 2571 622 2644 Suidam
647 2571 726 2642 haec
755 2569 891 2642 scholia
915 2571 1070 2668 expilare
1097 2574 1243 2643 solitum
1270 2572 1476 2667 diligentius
1501 2596 1610 2668 quam

285 2696 392 2767 ceteri
411 2695 591 2781 tractavit,
615 2692 796 2788 indagavit
820 2694 1042 2764 novitiorum
1062 2695 1392 2767 additamentornm
1421 2696 1557 2766 sontem
1578 2708 1612 2763 et

286 2820 467 2915 origines,
497 2819 620 2889 omnia
645 2816 803 2913 deniqne
822 2840 894 2887 suae
912 2819 1044 2889 criseos
1062 2818 1220 2889 luceant
1248 2818 1437 2889 illustravit
1452 2833 1514 2888 aut
1532 2842 1611 2887 cor·

288 2940 388 3009 rexit.
421 2936 629 3008 Putavimus
659 2950 779 3006 autem
802 2932 976 3008 demereri
1002 2934 1153 3007 lectores
1179 2952 1322 3007 nostros
1351 2937 1470 3034 ipsum
1494 2937 1615 3032 potius
1666 2996 1670 3004 .

288 3072 479 3156 sequentes
502 3082 612 3155 quam
632 3070 799 3129 nostrum
820 3057 1084 3154 qualecumque
1105 3057 1308 3153 judicium,
1331 3082 1551 3155 quamquam
1576 3058 1612 3125 in

290 3183 402 3253 lorma
434 3180 656 3252 scholiorum
686 3178 848 3250 variabili
880 3178 991 3249 multa
1025 3205 1098 3250 non
1132 3180 1419 3277 improbabiliter
1446 3181 1615 3250 adornari

291 3318 456 3402 poterant
469 3304 607 3375 ratione
626 3302 704 3374 alia.
726 3302 795 3373 Sed
811 3326 989 3401 perpauca
1008 3302 1120 3374 modo
1138 3304 1339 3374 secundum
1351 3304 1509 3399 optimos
1522 3327 1615 3397 quos

289 3426 447 3498 diximus
468 3425 612 3497 codices
631 3425 861 3496 mutavimus.
900 3428 977 3496 Hoc
1000 3440 1119 3497 tamen
1137 3427 1325 3496 utilissime
1347 3426 1546 3496 instituisse
1565 3427 1615 3493 vi·

290 3547 440 3637 demur,
461 3562 500 3619 ut
517 3573 597 3644 quae
614 3548 733 3619 absint
751 3547 797 3618 ab
820 3548 889 3617 illis
910 3546 1124 3634 codicibus,
1149 3550 1186 3617 in
1207 3549 1294 3644 ipsis
1315 3547 1463 3618 scholiis
1483 3546 1616 3641 signifi-

291 3684 366 3739 cata
389 3667 589 3739 lectoribus
605 3668 683 3738 sine
707 3665 855 3761 ambage
879 3666 1148 3737 indicaremus:
1170 3692 1255 3737 nam
1280 3692 1320 3737 ea
1342 3667 1556 3763 plerumque
1570 3665 1617 3734 ab

293 3790 548 3861 recentissimis
562 3790 802 3885 grammaticis
819 3788 975 3887 prolecta
993 3804 1078 3859 sunt
1092 3804 1201 3885 etper
1212 3804 1374 3861 nostram
1393 3789 1616 3859 notationem

293 3916 411 4009 primo
428 3912 620 3983 oculorum
637 3910 780 3982 obtuitu
797 3924 1052 4005 agnoscuntur.

342 4040 383 4106 ln
401 4034 636 4107 adnotatione
653 4032 834 4104 Dindorlri
856 4032 1079 4130 excerpenda
1100 4035 1150 4104 ita
1168 4035 1296 4104 versati
1315 4058 1458 4117 sumus,
1477 4048 1514 4103 ut
1532 4035 1620 4128 opti·

296 4182 439 4229 morum
454 4156 631 4242 codicum,
651 4156 868 4226 Ravennatis
888 4171 924 4226 et
941 4158 1081 4245 Veneti,
1103 4158 1297 4253 scripturas
1317 4160 1470 4255 integras
1492 4180 1618 4251 reprae-

296 4295 539 4365 sentaremus,
560 4278 782 4375 reliquorum
800 4304 912 4375 prope
937 4282 1111 4377 integrus,
1138 4278 1277 4349 llldinae
1302 4294 1421 4348 autem
1440 4295 1475 4348 et
1493 4278 1619 4348 subse·

297 4404 487 4499 quentium
509 4400 712 4472 editionum
737 4402 897 4471 nonnisi
919 4401 1078 4497 potiores
1097 4401 1349 4473 indicaremus.
1375 4407 1619 4494 Quaecumque

297 4540 417 4597 autem
441 4549 461 4595 a
480 4522 686 4618 vulgaribus
708 4520 836 4610 editis,
855 4521 954 4592 nulla
973 4521 1126 4594 indicata
1151 4522 1338 4609 varietate,
1363 4521 1544 4592 discedere
1570 4522 1628 4590 re·'

301 4649 411 4745 periet
430 4646 567 4735 lector,
587 4670 626 4717 ea
646 4644 814 4716 codicum
833 4646 1022 4734 omnium,
1050 4662 1147 4715 certe
1164 4646 1385 4742 optimorum
1415 4642 1621 4713 indubitato

300 4793 476 4841 consensu
491 4769 608 4867 posita
626 4778 703 4839 css'e
721 4767 852 4839 credat.
877 4768 1169 4865 Adjecimusqnae
1185 4768 1378 4840 Dnbnerus
1397 4794 1436 4838 ex
1455 4769 1621 4837 Parisinis

301 4891 488 4963 codicibus
520 4890 733 4987 collegerat:
751 4892 937 4963 varietates
963 4907 1256 4986 argumentorum
1286 4916 1329 4963 ex
1356 4893 1497 4988 optimo
1528 4890 1620 4960 libro

303 5040 394 5110 ²7¹²
417 5014 513 5109 (sive
537 5014 756 5085 membranis
781 5013 992 5109 Bt·uncltii);
1023 5014 1177 5111 plurima
1205 5012 1248 5085 ad
1268 5014 1411 5103 Nubes,
1444 5018 1560 5084 Ranas
1586 5026 1620 5081 et

305 5136 446 5207 Plutum
475 5160 516 5205 ex
546 5132 671 5206 codice
698 5136 785 5207 aliar
821 5134 938 5206 saeculi
958 5140 1033 5206 xtv
1059 5136 1313 5230 integerrimo,
1333 5136 1394 5205 sed
1424 5136 1620 5205 recentiora

393 5262 476 5307 scunt.
492 5264 614 5309 tamea.
1508 5273 1524 5309 a
