4100 6109
227 3603 351 3662 ’τι

366 465 421 514 σοι
947 437 1136 502 scflom
1162 437 1206 497 ΙΝ
1234 437 1384 498 RANAS.

366 589 479 670 ριιιίδην,
495 586 586 686 ἢπρὸς
601 585 745 666 Εὐριπίδην
758 585 789 643 δι’
807 582 948 662 Αἰσχύλον·
965 583 988 638 εἰ
1004 581 1049 638 καί
1064 556 1145 658 Εὐρι-
1187 601 1236 643 τως
1256 573 1393 658 διαιρεῖται
1409 575 1426 648 ἢ
1445 575 1513 636 κατδι
1535 576 1675 660 πρόσωπον
1691 579 1857 656 ἀμυιόαῖον,ῆ
1874 591 1934 662 χσριθ

364 667 441 739 πέδης
458 669 501 725 τὸν
517 669 592 744 λογον
606 664 771 745 προήρπασε.
787 663 817 722 τὸ
833 661 861 721 δὲ
878 659 952 719 ταῦτ’
968 660 1010 719 ἀεί
1026 657 1084 717 ἀντὶ
1099 662 1145 716 τνῢ
1186 663 1251 743 πρὸς
1259 664 1400 745 ὑποκριτήν
1414 663 1561 745 ἀπόκρισιν.
1575 663 1669 726 ἑστιδὲ
1680 670 1726 738 τῆς
1738 665 1783 744 μὲν
1791 668 1854 744 ᾠδῆς
1861 671 1935 740 ταύτης

365 755 456 813 ταυτά.
468 753 512 812 διδ
526 751 553 812 δὲ
562 752 610 823 τὴν
622 751 782 833 συναλοιφὴν
793 747 1103 820 σἰναὸιόάζεταιθτύνος.
1112 747 1145 805 οὖ
1186 749 1220 808 τδι
1242 753 1316 810 κῶλα
1341 751 1521 812 άναπαιστικδ
1543 755 1572 811 ε’.
1588 745 1624 812 ὧν
1650 753 1680 813 τδ
1702 757 1802 834 πρῶτον
1824 755 1935 837 τρίμετριν

365 841 442 900 δεῖδὲ
456 849 597 922 περισπᾶν,
610 841 735 920 aalma}
750 839 863 919 Πλούτῳ
876 835 1005 919 είρηται.]
1115 903 1119 911 Ι
1186 839 1380 910 καταληκτικδν
1393 842 1429 906 είς
1444 839 1593 916 συλλαόὴν,
1607 840 1622 900 δ
1637 843 1759 902 καλεῖται
1777 843 1936 917 Αίολικδν,διἰ

339 960 351 994 ι
408 949 467 988 ιιυι.
491 927 531 1008 [τί
540 949 603 986 ποτε
614 935 725 1007 πρᾶγμα
741 946 749 988 :
763 925 880 1008 Κορωνὶς
889 925 934 984 καλ
944 923 1054 989 ῑίσθεσῑς
1065 924 1144 1002 χορῠῧ
1186 925 1325 1005 τὀίαμόον
1347 927 1417 1008 ἑχειν
1431 927 1476 987 τδν
1493 933 1597 1010 πρῶτον
1609 929 1689 990 πόδα.
1704 928 1857 1012 τὐδεύτερον
1869 933 1904 991 καί
1915 937 1954 994 τθι

364 1015 480 1097 ἐπῳδικθ,
498 1014 540 1073 διδ
559 1013 589 1072 τδ
602 1018 704 1072 κεῖσθαι
720 1013 788 1091 μετά
803 1012 851 1085 τήν
870 1011 998 1093 κορωνίδα
1014 1005 1146 1087 (ἑνίοτεδέ
1187 1015 1206 1073 ε’
1232 1015 1341 1097 δίμετρα
1364 1015 1596 1098 ύπερκατάληκτα.
1617 1017 1648 1076 τὸ
1668 1018 1693 1098 γ’
1716 1019 1937 1100 πινθημιμερές.τ“ο

364 1106 410 1164 καῖ
425 1104 492 1182 μετδι
505 1102 554 1175 τήν
563 1103 668 1174 διπλῆν,
680 1104 716 1168 ὡς
728 1101 856 1168 πολλάκις
871 1101 996 1180 εἴρηται),
1011 1101 1042 1157 ἐκ
1053 1095 1145 1155 κώλων
1186 1103 1320 1185 τέταρτονΙ
1330 1104 1548 1186 ξροημιρερὲς,8
1568 1106 1704 1180 καλεῖται,
1718 1109 1755 1173 ὡς
1778 1105 1883 1186 εἴρηται,
1898 1132 1937 1166 m.

365 1195 577 1252 σἰντισπαστικῶν
587 1189 800 1303 ἐπιμεμιγμένων
810 1189 950 1271 έπιτρίτοις
959 1187 1004 1246 καῖ
1016 1182 1146 1262 διιάμόοις
1188 1191 1333 1269 ρσιμιαχόν,
1350 1192 1394 1251 ἐπὶ
1404 1195 1442 1272 τῷ
1456 1191 1525 1252 τέλει
1536 1192 1718 1276 napi-ww,
1735 1198 1781 1252 τοῦ
1793 1192 1819 1252 δὲ
1829 1195 1938 1272 ινα-ήμ-

365 1281 411 1338 καὶ
432 1277 589 1358 διτροχαίοις
608 1277 681 1338 δέκα.
698 1301 735 1336 ιον
750 1276 779 1335 τδ
790 1281 893 1358 πρῶτον
912 1275 1033 1354 δίμετρον
1045 1270 1147 1330 άκατά-
1186 1301 1229 1344 τος
1243 1277 1277 1336 τά
1288 1282 1362 1338 κῶλα
1381 1278 1459 1358 ὅμοια
1471 1278 1565 1354 πέντε,
1577 1280 1647 1354 πλὴν
1662 1288 1709 1342 τοῦ
1721 1281 1842 1362 τετάρτω
1854 1286 1886 1362 τῷ
1897 1285 1939 1342 δεμ.

329 1371 461 1439 ιοληκτον
487 1370 518 1426 ἑκ
540 1365 756 1426 πεντασυλλάάσυ
780 1365 964 1426 ἅντισπάστου·
990 1362 1004 1422 δ
1026 1361 1146 1420 καλεῖται
1186 1367 1254 1448 τέριρ
1276 1371 1322 1438 τῆς
1343 1369 1413 1448 ᾠδῆς
1436 1368 1545 1446 δμυίσυ,
1569 1373 1747 1452 ἑφθημιμερῆ.
1774 1369 1817 1428 ἑπῖ
1837 1373 1966 1453 τῷτελειιο

365 1455 530 1535 γλυκώνειον.
557 1456 588 1514 τὸ
618 1453 735 1536 δεύτερον
758 1457 788 1513 ἐκ
813 1453 925 1520 παίωνος
952 1451 1078 1531 τετάρτου
1101 1449 1146 1507 καλ
1187 1455 1369 1536 παράγραφσς.
1380 1460 1428 1526 τῆς
1443 1455 1470 1515 δέ
1487 1455 1544 1528 ἑξῆς
1554 1457 1623 1538 ᾠδῆς
1636 1455 1670 1516 τά
1684 1459 1760 1516 κῶλα
1772 1455 1808 1524 ἑξ.
1821 1458 1940 1541 τὀτιρὸισι

366 1544 488 1622 διιάμύου
500 1543 597 1621 ὅμοιον.
608 1542 639 1601 τὀ
647 1541 733 1622 τρίτον
744 1547 789 1601 τοῦ
801 1543 905 1623 πρώτου
913 1540 992 1608 ποδὸς
1001 1538 1145 1598 πεντασυλ·
1188 1541 1344 1601 δακτυλικὸν
1363 1543 1550 1626 ἑφθημιμερές.
1565 1543 1596 1602 τδ
1611 1544 1635 1624 β’
1652 1545 1839 1604 ἀναπαιστικόν
1851 1549 1939 1628 ἑφθημ-

365 1632 449 1692 λάόου
468 1629 668 1704 καταληκτικόν.
688 1629 719 1689 τὸ
741 1629 864 1711 τὲταρτον
883 1633 913 1688 ἑκ
930 1625 1081 1710 διτροχαίου
1101 1623 1146 1683 καί
1188 1629 1272 1710 μερίς,
1286 1629 1317 1690 τὸ
1338 1639 1362 1710 γ’
1377 1631 1422 1690 καί
1441 1633 1471 1690 τὸ
1490 1635 1512 1700 ς’
1526 1637 1562 1700 ὡς
1578 1631 1609 1690 τὸ
1623 1635 1647 1712 β’
1661 1637 1707 1704 τῆς
1725 1631 1782 1692 ἅνω
1801 1634 1871 1714 ᾠδῖχ,
1886 1635 1910 1694 τὸ
1925 1639 1941 1694 ξ’

366 1721 497 1802 ἐπιτρίτου
512 1718 600 1801 τρίτου
617 1717 809 1790 ἀκατάληπτον.
826 1719 856 1778 τό
875 1719 895 1778 ε’
910 1715 999 1796 ύμοιον
1013 1719 1052 1796 τῷ
1066 1713 1101 1792 β’.
1117 1711 1146 1770 τθ
1188 1717 1344 1777 δακτυλικδν
1363 1719 1549 1802 τετράμετρον.
1566 1719 1622 1779 ἔστι
1638 1719 1665 1779 δὲ
1683 1723 1770 1780 κῶλον
1784 1721 1813 1779 έκ
1825 1729 1905 1803 χοροῦ,
1916 1729 1941 1790 ίις

329 1829 352 1865 ιι
367 1808 440 1868 ἑκτον
452 1811 483 1868 ἐκ
494 1807 643 1889 διτρσχαίου
657 1807 701 1867 καλ
713 1807 844 1888 ἐπιτρίτου
855 1805 967 1888 πρῶτον.
981 1804 1010 1863 τδ
1025 1805 1046 1872 ζ’
1058 1801 1146 1880 όμοιον
1188 1804 1302 1884 ἀνέγνων
1311 1808 1337 1864 ἑν
1346 1805 1521 1886 Ἀγαμέμνονι
1531 1807 1647 1890 δράματι
1656 1807 1862 1888 Αίσχύλυυ.τὸι’
1873 1810 1941 1888 θμοιον
1953 1843 1968 1878 ιι

366 1901 403 1977 τῷ
422 1899 458 1974 β’.
472 1897 503 1956 τδ
515 1897 542 1969 η’
554 1894 950 1980 καταληκτικθνέκδιτροχαίου
961 1892 1007 1951 καλ
1021 1889 1146 1972 βακχείου
1187 1893 1317 1971 δίμετρον.
1337 1894 1393 1954 ἔστι
1414 1893 1442 1954 δέ
1459 1894 1582 1974 ἡμιτελὲς
1600 1899 1723 1958 ἐνταῦθα.
1749 1897 1780 1955 τὸ
1801 1897 1849 1978 γάρ
1866 1899 1941 1958 τελειόν

366 1985 589 2068 ἣάμφιόριίχεσς.
609 1984 639 2042 τὸ
657 1986 677 2044 θ’
697 1983 786 2062 ὅμοιον
799 1987 837 2064 τῷ
859 1983 896 2062 β’,
915 1982 945 2040 τὸ
965 1983 980 2037 ι’
996 1981 1086 2059 ὅμοιον
1107 1983 1146 2059 τῷ
1186 1983 1267 2055 ἐστιν,
1282 2009 1293 2035 ι
1309 1983 1394 2042 αίσιον
1408 1984 1511 2066 ἀνδρῶν
1531 1985 1668 2044 έκτελέων·
1682 2013 1694 2036 ι
1715 1983 1783 2065 ὅπερ
1795 1988 1942 2068 ἑφθημιμιρές

366 2075 459 2157 ὀγδόῳ.
481 2073 538 2146 ἑξῆς
558 2073 586 2133 δὲ
605 2075 632 2132 έν
653 2071 752 2132 ἐκθέσει
773 2072 858 2152 στίχοι
873 2070 992 2149 ίαμύικολ
1013 2070 1146 2150 τρίμετροι
1187 2069 1268 2130 ἐστιν.
1290 2069 1333 2128 ἐπὶ
1358 2073 1397 2151 τῷ
1421 2070 1492 2130 τέλει
1514 2071 1696 2154 παράγραφος.
1718 2071 1779 2143 ἑξῆς
1799 2073 1826 2130 δὲ
1844 2073 1942 2150 σύστημα

366 2163 545 2236 άκατάληκτοι
559 2167 591 2242 γ’.
607 2161 664 2231 ἑξῆς
675 2161 703 2220 δὲ
715 2161 814 2220 τίθεται
825 2147 909 2219 κῶλον
925 2157 1049 2234 ίαμόικὸν
1063 2161 1145 2238 ἑφθη-
1189 2156 1258 2215 κατά
1279 2157 1427 2238 περικοπλν
1447 2159 1633 2242 άνομοιομερὲς
1647 2160 1747 2240 στίχων
1769 2159 1890 2239 ίαμύικῶν
1901 2186 1942 2242 τρι-

279 2241 284 2253 ’
326 2281 353 2320 20
366 2250 486 2332 μιμερές,
503 2250 550 2328 τδ,
566 2247 682 2308 διαύλιον
693 2249 844 2330 προσαυλεῖ.
865 2245 930 2326 ὅπερ
944 2244 1014 2304 κατδι
1028 2267 1145 2326 παρεπι-
1188 2242 1290 2325 μέτρων
1305 2246 1548 2318 α’καταλήκτωνέξ.
1562 2249 1606 2306 ἐπὶ
1619 2252 1658 2329 τῷ
1674 2247 1747 2306 τέλει
1761 2270 1799 2306 ιτα
1824 2247 1832 2268 ’
1849 2271 1923 2330 ραφος.
1933 2254 1943 2308 ί
1953 2285 1969 2320 ι.

365 2331 1145 2419 γραφὴντίθεταιῶσπερκαλτδ,αθλεῖτιςένδον·καἰοίλλα
1187 2331 1276 2410 μέντοι
1299 2331 1372 2402 έκτος
1393 2335 1482 2416 στίχος
1502 2335 1529 2396 έν
1544 2359 1611 2395 τισιν
1635 2337 1665 2395 ού
1679 2337 1780 2396 κεῖται·
1846 2337 1903 2410 ,ίθι
1920 2340 1943 2404 δέ.

364 2425 460 2484 πολλά.
473 2424 537 2506 φασδ
549 2423 576 2484 δὲ
587 2424 702 2482 διαύλων
712 2423 833 2498 λέγεσθαι
844 2421 906 2480 όταν
916 2419 1028 2500 ἡσυχίας
1039 2419 1146 2478 πάντων
1186 2419 1316 2504 πέρσεια]

365 2513 504 2592 γενομένης
529 2512 600 2572 ἔνδον
624 2517 639 2570 θ
660 2511 775 2585 αὐλητής
797 2512 859 2594 ᾄσῃ.
884 2511 927 2569 ἐπὶ
952 2514 990 2592 τῷ
1009 2507 1079 2568 τέλει
1100 2511 1147 2582 τῆς
1234 2531 1297 2573 ιιεο.
1322 2511 1425 2594 Ἑρμᾶν
1451 2513 1499 2591 μέν
1522 2513 1649 2596 πρόγονον
1669 2533 1677 2574 2
1700 2514 1753 2576 ’Ex
1770 2517 1821 2572 τῶν
1834 2514 1943 2593 Αίσχίλυι

366 2602 413 2679 μὲν
435 2606 547 2683 στροφῆς
567 2599 682 2682 κορωνίς.
702 2605 748 2660 τοῦ
767 2601 795 2660 δὲ
816 2599 983 2678 συστήματος
1003 2597 1146 2680 παράγρα-
1188 2600 1377 2680 Ψυχαγωγῶν.
1391 2601 1560 2683 (προφέρεται
1574 2601 1602 2662 δὲ
1613 2605 1660 2661 οὐκ
1672 2600 1767 2683 ἑφεξῆς
1780 2601 1813 2660 τέι
1824 2600 1944 2680 αὗτδμῶτ,

326 2729 351 2764 ,5
366 2691 437 2771 ρος]
1188 2687 1285 2761 αὐτοῦ,
1300 2690 1360 2746 ἀλλ’
1378 2691 1413 2756 ὡς
1427 2688 1519 2770 ἔτυχεν
1533 2689 1600 2748 ἄλλο
1613 2687 1736 2766 ἄλλοθεν,
1752 2689 1798 2748 καί
1813 2687 1912 2762 ἐπιλέγει
1923 2689 1971 2755 τοι,

408 2799 469 2839 ιεεσ.
494 2781 545 2836 τῶν
561 2777 639 2860 μέχρι
651 2784 695 2837 ν’ύν
706 2777 787 2837 όντων
798 2779 924 2849 ποιητῶν.
938 2787 966 2834 R.
1187 2771 1317 2852 ἰήκοπυν),
1328 2774 1437 2858 [κυρίως
1447 2777 1553 2836 ἐκείνων
1566 2779 1617 2835 τῶν
1631 2775 1730 2856 στίχων
1743 2775 1782 2848 δν,
1800 2781 1857 2848 τοῦ,
1866 2775 1944 2835 Φθιῶτ’
1999 2793 2000 2836 ι

406 2885 467 2926 νισι.
489 2865 533 2925 τὸν
546 2870 669 2946 βακχεῖον
679 2867 781 2925 άνακτα
795 2865 867 2926 εΤδν
878 2862 1020 2946 Αἰσχύλον,
1039 2855 1091 2925 ,οἷον
1102 2863 1146 2922 τδν
1188 2861 1334 2944 Ἀχιλλεύ]

366 2955 471 3033 άριστον
493 2954 642 3032 μελοποιὸν,
664 2953 710 3015 τὸν
729 2952 819 3034 ῶσπερ
841 2951 1036 3033 ἑκύακχεύοντα
1061 2953 1088 3010 έν
1112 2955 1146 3030 τῇ
1228 2947 1318 3032 [τοῦτο
1326 2953 1356 3010 ίκ
1367 2954 1419 3010 τῶν
1432 2949 1567 3031 Αἰσχύλου
1580 2948 1945 3032 Ψυχαγωγῶν.τθδὲἛρμιίι

365 3041 571 3123 ποιήσει.θγδρ
589 3041 732 3123 Εὐριπίδης
750 3041 856 3121 έρχεται
870 3039 959 3100 έπλτδ
971 3039 1143 3118 με’ληαῦτόύ.
1188 3036 1236 3117 μέν
1258 3038 1347 3118 τίομεν
1370 3039 1490 3119 λέγουσιν
1516 3042 1540 3100 οἱ
1562 3039 1686 3122 Ἀρκάδες
1706 3038 1753 3098 διὰ
1774 3043 1868 3098 ταῦτα·
1883 3042 1945 3118 ivr}

326 3173 352 3210 ,υ
367 3165 404 3172 -
416 3129 460 3188 τὸν
475 3128 559 3188 ἑνθεον
576 3128 690 3210 ἄρχοντα
705 3134 756 3189 τῶν
772 3132 871 3208 μελῶν,
891 3128 934 3187 τὸν
949 3127 1145 3206 ἑκόακχεύοντα
1187 3126 1359 3206 Κυλλήνῃ,ή
1374 3129 1444 3186 ἔστιν
1461 3129 1521 3209 δρος
1534 3127 1689 3209 Ἀρκαδίας,
1704 3130 1817 3205 ἐτιμᾶτο
1829 3130 1844 3185 θ
1856 3126 1943 3208 Ἑρμῖρ.
1956 3155 1972 3192 ιι

366 3219 393 3276 ἐν
406 3216 562 3296 τῇποιήσει.
578 3229 623 3276 Br.
1187 3213 1231 3272 διὰ
1244 3219 1305 3292 γοῦν
1316 3213 1364 3287 τήν
1378 3213 1405 3283 δέ
1421 3213 1626 3294 ἀμνημονεύτων
1641 3213 1746 3295 χρόνων
1760 3213 1838 3292 τιμὴν
1854 3215 1946 3294 διςπρό-
2000 3205 2001 3260 ί

408 3326 466 3366 εισι.
487 3308 522 3373 είς
543 3305 569 3364 ἓν
587 3307 639 3387 γὰρ
653 3307 732 3365 αὐτοῦ
747 3305 834 3364 πάντα
855 3327 863 3367 ;
886 3307 932 3373 Είς
951 3308 982 3365 τὸ
995 3304 1060 3365 αὐτὸ
1075 3303 1147 3372 τέλος
1187 3325 1260 3380 γενος
1275 3301 1376 3370 τούτοις
1390 3301 1483 3364 ἐδόκει.
1499 3303 1591 3385 ᾅδουσι
1605 3303 1633 3364 δὲ
1650 3302 1770 3384 καίζτινα
1787 3301 1896 3380 ἱστορέω
1908 3325 1946 3378 μιν

365 3393 548 3476 περατῶμενα
561 3395 656 3452 πάντα·
669 3393 726 3454 ἐπεὶ
737 3399 856 3462 κάκεῖνος
867 3385 948 3467 εἶπεν,
961 3392 1013 3453 ἀπὸ
1022 3393 1147 3466 ληκυθίου
1188 3390 1267 3463 θώδη.
1287 3390 1383 3468 λίμναν
1403 3389 1431 3450 δὲ
1448 3390 1518 3469 λέγει
1534 3389 1582 3464 τήν
1602 3389 1794 3472 Στυμφαλίδα,
1808 3391 1835 3449 ἑν
1848 3389 1947 3468 Ἀρκαδία

366 3505 412 3541 σου
425 3480 483 3549 τοὺς
497 3482 638 3563 προλόγους
651 3483 789 3564 διαφθερῶ.
1187 3476 1240 3562 γδρ
1252 3477 1299 3538 καλ
1310 3476 1387 3549 αύτη.
1400 3487 1471 3535 cant.
1487 3476 1523 3559 1.]

412 3590 473 3631 ινιτ.
495 3572 541 3629 καλ
569 3570 621 3648 μήν
641 3572 779 3648 λογιοῦμαι
808 3591 816 3629 :
840 3570 908 3630 Ἀντί
929 3575 975 3630 παῖ
997 3563 1148 3652 ἀριθμήσω,
1229 3585 1290 3628 12⁶7.
1311 3565 1396 3624 ίστέυν
1408 3561 1490 3624 ὅτιτὸ
1504 3562 1613 3638 λήκσπον
1626 3563 1792 3632 οὖπελάθεις
1804 3565 1845 3622 ἐπ’
1863 3565 1947 3643 ύρυγάν
1958 3601 1973 3634 ³3

365 3659 480 3740 ψηφίσω.
496 3657 568 3737 Ι(ἑπει
587 3659 712 3740 προεῖπεν
733 3659 891 3740 Εὐριπίδης,
910 3661 946 3727 είς
968 3658 996 3718 έν
1012 3681 1146 3742 συγκιφσι-
1187 3655 1288 3724 παίζων
1302 3656 1440 3732 πανταχοῦ
1465 3653 1595 3736 ἐπιφέρει,
1609 3652 1704 3732 κυρίως
1725 3651 1832 3712 ἐκείνων
1845 3655 1891 3709 τῖἰι
1901 3653 1945 3725 ίαμ-

366 3746 514 3823 λαιιύσσμαι
535 3748 612 3804 αὐτοῦ
633 3745 721 3806 πάντα
745 3745 777 3806 τά
802 3748 881 3825 μελη.
903 3746 1095 3829 Ἐρατοσθένης
1119 3747 1147 3806 δῖ
1189 3743 1266 3803 ύείιυν
1280 3741 1318 3817 δν,
1331 3747 1392 3817 τοῦ,
1406 3745 1508 3807 Φθιῶτ’
1522 3744 1636 3823 Ἀχιλεῦ.
1653 3753 1755 3800 Batnon.

365 3836 417 3891 τῶν
428 3833 606 3915 ψευδαττικῶν
618 3833 689 3902 τινθς
699 3834 807 3917 γράφειν
820 3835 897 3917 φησὶ,
906 3835 1033 3918 τὼψήφω
1048 3835 1147 3910 λαόδιν,
1230 3853 1289 3893 ιντο.
1309 3833 1417 3910 (κύδιστ’
1432 3834 1544 3912 Ἀχαιῶν
1561 3851 1569 3891 :
1587 3829 1759 3911 Ἀρίσταρχος
1778 3827 1825 3887 καί
1838 3825 1947 3886 Ἀπολλύ

365 3919 409 3979 ίνα
427 3923 472 3980 καί
486 3921 520 3980 τδι
531 3922 706 4001 πεπλασμένα
721 3923 858 4004 δράματα,
872 3926 899 3983 ἑν
918 3914 956 3991 οἷς
971 3925 1002 3984 τὸ
1019 3925 1147 4006 παράπαν
1188 3944 1253 3995 νιος,
1266 3920 1442 4004 δπισεὶψασθε
1451 3920 1529 3982 πόθεν
1539 3919 1599 3981 εἰσί.
1611 3922 1638 3979 Τ
1639 3913 1948 3999 ιμαχίδᾱςδθὲῐΤθλίθθ

326 4065 353 4101 ⁴0
366 4013 442 4067 τοῦτο
459 4009 600 4085 ἠγνόηται,
617 4013 681 4091 δοκῇ
698 4011 735 4089 μή
754 4012 967 4092 σεσολυικίσθαι.)
982 4049 1022 4058 -
1040 4017 1146 4097 λογαρι·
1189 4007 1333 4088 Αἰσχύλου.
1350 4007 1543 4082 Ἀσκληπιάδης
1561 4007 1589 4067 δὲ
1599 4005 1626 4075 ἐξ
1640 4005 1827 4087 Ἰφιγενείας.)’
1959 4047 1974 4078 w

367 4095 433 4154 ἄσιν.
445 4099 481 4158 θ.
1230 4117 1290 4158 mc.
1313 4099 1453 4179 εὐφημεῖτε
1468 4095 1653 4175 μελισσονόμοι
1666 4113 1674 4154 :
1690 4091 1738 4162 Ἐξ
1748 4092 1862 4172 Ἱερειῶν
1873 4087 1949 4167 Αίσχύ

407 4202 465 4242 nu.
488 4181 613 4259 (διαύλιον
625 4188 770 4266 προσαυλεῖ
782 4189 843 4265 τις.)
855 4193 932 4247 τοῦτο
944 4189 1146 4270 παρεπιγραφή,
1188 4189 1244 4246 λου.
1260 4197 1289 4244 R.
1302 4196 1332 4244 V.
1345 4187 1382 4265 [οἱ
1397 4185 1561 4264 διανέμοντες
1574 4182 1608 4242 τὰ
1622 4187 1669 4254 τῆς
1684 4182 1804 4254 πόλεως,
1815 4181 1833 4250 ἢ
1846 4182 1950 4238 mm:

366 4270 457 4353 ὥσπερ
473 4270 519 4330 καὶ
538 4270 607 4332 ἄλλα
621 4275 757 4344 πολλάκις.
771 4275 876 4359 φασῖδὲ
893 4275 1008 4335 διαύλιον
1026 4277 1148 4358 λέγεσθαι
1190 4277 1263 4354 ἑντῇ
1284 4273 1382 4354 πόλει]
1399 4312 1433 4322 -
1447 4273 1572 4354 εὐφήμως
1589 4267 1680 4351 λέγετε
1699 4272 1724 4330 οἱ
1743 4269 1821 4340 δίκην
1842 4267 1950 4344 μελισσῶν

266 4389 274 4398 ’
366 4357 428 4418 όταν
439 4359 552 4439 ἡσυχίας
566 4361 673 4420 πάντων
686 4363 826 4441 γενομένης
839 4363 910 4422 ἔνδον
928 4363 1146 4446 θαύλητλςᾷση.
1190 4361 1328 4439 νεμόμενοι
1341 4363 1447 4442 έντῷδι
1464 4363 1502 4442 τῷ
1515 4364 1561 4432 ιῆς
1574 4364 1635 4426 θεᾶς
1648 4357 1733 4417 ἄλσει.
1748 4369 1796 4417 Bt.

326 4501 352 4538 ⁴⁵
366 4457 394 4504 R·
404 4458 435 4504 V·
1232 4471 1291 4510 ιιτι.
1314 4449 1459 4529 [λήκοποντ
1481 4447 1558 4516 Τινὲς
1571 4447 1672 4518 ἀξιοῦσι
1689 4445 1720 4504 τδ
1740 4445 1769 4518 ἑή
1791 4446 1887 4525 ψιλσῖν,
1903 4441 1950 4499 όταν
1960 4479 1977 4514 ³².

405 4534 506 4595 Φθιῶτ’
521 4535 625 4616 Ἀχιλεῦ
646 4560 652 4600 :
670 4541 814 4622 Εὐριπίδης
830 4541 887 4598 ἐστὶ
905 4537 939 4598 τδ
954 4539 1088 4619 Αἰσχύλου
1102 4543 1146 4601 λε’·
1191 4537 1228 4615 μή
1242 4529 1300 4617 ήίν
1324 4537 1408 4618 ύμνιρ.
1424 4539 1480 4596 ἐκεῖ
1501 4535 1554 4618 γδιρ
1576 4533 1725 4596 δασύνεται.
1747 4536 1785 4598 ῶς
1807 4529 1913 4613 ἑφυμνέιρ
1930 4527 1950 4584 δὲ

366 4645 428 4699 γων.
443 4622 499 4682 ἔστι
521 4623 596 4685 δὲέκ
619 4629 795 4708 Μυρμιδόνων
818 4626 962 4707 Αἰσχύλου.
978 4639 1006 4686 R.
1017 4639 1047 4688 V.
1067 4641 1098 4689 θ.
1114 4649 1146 4696 Μ,
1189 4623 1317 4706 κέχρηται
1331 4627 1368 4704 τῷ
1383 4621 1493 4694 ίήκοπον
1506 4626 1536 4682 ού
1550 4622 1695 4700 πελάθεις]

367 4707 457 4790 [τοῦτο
482 4712 534 4772 ἀπὸ
556 4718 607 4772 τῶν
628 4715 765 4796 πρὲοόεων
785 4717 850 4797 πρδς
871 4716 993 4797 Ἀχιλλέα
1015 4717 1149 4798 Αἰσχύλος
1231 4733 1290 4773 lm.
1313 4713 1382 4772 δσιον
1410 4712 1507 4792 κράτος
1528 4731 1536 4771 :
1562 4711 1622 4788 (Ἐν
1645 4713 1699 4777 τοῖς
1724 4707 1858 4773 πλείστοις
1877 4703 1950 4763 πίστιν.

366 4799 517 4871 πεποίηκεν.
530 4799 587 4859 ἑστι
600 4801 629 4860 δὲ
640 4807 670 4863 ἐκ
686 4807 869 4886 Μυρμιδόνων.
885 4803 1016 4888 ’προφέρει
1031 4806 1076 4864 καί
1093 4809 1146 4866 Εὐ·
1190 4799 1384 4872 Ἀσκληπιάδης
1402 4801 1432 4858 τὸ
1445 4799 1526 4859 δσιον.
1541 4798 1598 4858 ἑστι
1614 4797 1653 4876 δὲ)
1674 4795 1700 4866 ἑξ
1715 4793 1900 4873 Ἀγαμέμνονος
1914 4792 1952 4850 fl·

325 4949 354 4986 ω
370 4886 471 4956 Οῑπῖδης
480 4889 516 4953 εἷς
524 4886 626 4966 γέλωτα
636 4891 705 4950 σίλλα
715 4891 742 4961 ἑξ
751 4893 839 4951 άλλων
849 4891 974 4972 δράματα
983 4892 1147 4970 συναγαγών,
1190 4888 1289 4968 σχύλου
1308 4889 1381 4967 [loq.
1398 4886 1535 4966 βουὸωνιῶ
1555 4884 1583 4946 δὲ
1605 4885 1662 4944 ἀντὶ
1679 4887 1725 4944 τοῦ
1739 4880 1890 4964 φλεγμαίνω
1907 4879 1979 4950 τυὺιιι

369 4975 409 5032 διὸ
429 4973 474 5032 καλ
491 4976 595 5054 ἀσαφῆ,
614 4979 678 5052 μίαν
698 4981 825 5062 ἃρμσνίαν
840 4984 887 5039 σιίκ
901 4980 1006 5060 ἔχοντα.
1029 4982 1076 5038 σύκ
1098 4980 1149 5061 ἄρα
1192 4977 1335 5056 βουόῶνας.
1351 5010 1388 5020 -
1401 4974 1471 5034 θαιον
1486 4995 1492 5035 :
1510 4973 1599 5052 Ἀγίαν
1611 4973 1657 5032 καλ
1676 4971 1783 5031 δικαίαν
1796 4967 1951 5048 ἑτπκριίιηῑνν.

366 5059 401 5118 τδι
417 5061 453 5137 μή
470 5061 561 5129 ξυνετδι
582 5066 716 5136 ζητητέον.
733 5069 918 5149 άνδροδάῖκτσν
930 5067 972 5139 δὲ,
985 5067 1035 5138 τήν
1048 5068 1149 5146 ἀνδρῶν
1194 5075 1268 5124 Cant.
1287 5085 1306 5125 ι.

367 5149 443 5230 φόνον
457 5155 590 5209 ποιοῦσαν.
612 5154 645 5211 τδ
659 5153 687 5213 δέ
707 5161 816 5216 τοιαῦτα
831 5157 887 5226 είδη
908 5158 1029 5214 καλεῖται
1044 5155 1147 5214 θλλοιύ·
1232 5171 1291 5212 τινα.
1315 5151 1502 5232 ἐπιδ-συνεχῶς
1514 5137 1571 5210 είπε
1583 5151 1613 5210 τθ
1627 5149 1743 5222 λήκοπον.
1849 5161 1876 5208 θ.

367 5260 482 5319 mm«,
495 5240 529 5304 ὥς
544 5236 707 5319 Ἡφαιστίων
720 5250 751 5315 [c.
768 5267 793 5312 υ,
809 5269 834 5313 ιι.
851 5251 898 5315 ιιι]
913 5244 1007 5316 φησίν·
1022 5243 1072 5302 ὅσα
1086 5243 1150 5302 πάν-
1231 5262 1290 5302 ιιιν.
1313 5239 1441 5300 λείπειτὸ
1458 5241 1590 5300 ἀπελθεῖν.
1605 5251 1634 5298 R.
1647 5248 1677 5294 V·
