4100 6109
683 454 876 516 sclioLlA
901 456 948 515 IN
974 458 1149 518 VESPAS:
1665 474 1716 524 Ιιθ

148 610 199 651 εσυ.
224 578 338 669 (έτιδή
353 592 434 671 βουλή
447 595 489 672 χώ
501 594 583 671 δῆμος
595 614 602 655 :
616 593 650 655 Ἡ
668 594 749 675 βουλή
761 598 806 655 καὶ
819 601 833 655 θ
848 599 896 669 δῆ-
914 625 919 689 γ
977 618 1026 661 οικ.
1049 598 1156 679 ἔντραγε
1170 621 1177 660 :
1192 598 1382 680 Ἐντρύφηοον.
1404 612 1466 659 νέαι.

109 698 170 754 μος,
181 676 246 737 ὅταν
261 678 385 759 ἀπορήσῃ
398 680 567 761 πράγματος,
578 685 631 750 τοῖς
642 684 778 751 δικασταῖς
792 687 895 767 έπιτρέ-
976 706 1025 746 ειο.
1046 674 1194 768 ἴιαραθήσιι
1204 720 1243 731 -
1252 687 1468 769 καταρασάμενος
1480 710 1487 749 :
1499 688 1657 770 Ἰὀέπαχθὲς
1666 696 1716 749 τῶν

109 767 175 842 πει.)
937 774 1044 833 οἰκετῶν
1054 774 1186 852 σημαίνει.
1200 773 1356 854 τονθορύσας
1369 795 1376 835 :
1390 777 1535 855 Γογγύσας.
1547 776 1603 837 έστι
1613 778 1642 837 δὲ
1653 779 1717 837 ποιὰ

147 854 221 930 (εστ).
234 852 354 921 Εὔαθλος
365 874 373 915 :
385 854 502 923 Εὔαθλος
514 854 600 937 ῥήτωρ
609 858 781 940 συκοφάντης,
791 851 822 918 οῦ
832 884 896 937 μνη-
937 861 1020 941 φωνή,
1042 872 1106 919 Voce.
1122 862 1323 942 ἀριστοποιήση.
1339 876 1371 921 v.

88 940 214 1019 ιμονεύει
222 940 270 1000 καλ
281 946 308 1001 ἐν
318 941 473 1025 Ἀχαρνεῦσι
481 942 527 1003 καῖ
542 946 568 1002 έν
581 944 709 1006 Ὁλκάσιν
721 946 803 1015 ούτως
815 976 826 999 ε
838 947 895 1007 έστι
976 968 1024 1009 ειο.
1047 946 1110 1006 τάδε
1124 946 1256 1024 κέκτημαι
1273 970 1280 1009 :
1297 950 1340 1009 Τά
1355 953 1385 1009 ἐκ
1400 957 1447 1010 τοῦ
1463 952 1630 1034 δικαστηρίου
1646 954 1713 1034 χρή·
1730 974 1743 1009 ι

109 1058 118 1079 ι
132 1052 173 1096 τις
184 1028 299 1109 πονηρὸς
316 1034 379 1105 ήμῑν
401 1028 509 1102 τοξότης
526 1030 680 1112 συνήγορος,
705 1030 795 1115 ῶσπερ
819 1032 894 1094 Εύα-
937 1058 1019 1112 ματα.
1031 1034 1126 1106 σκευήν
1136 1033 1164 1093 δέ
1172 1035 1230 1093 άντῖ
1237 1042 1285 1095 τοῦ
1292 1038 1448 1097 πανοπλίαν.
1458 1039 1554 1117 βελέων
1564 1040 1592 1099 δὲ
1600 1040 1717 1121 ἀλεωρήν

109 1146 118 1167 ι
128 1118 199 1183 θλος.
213 1114 389 1194 »μνημονεύει
400 1114 427 1175 δέ
437 1118 568 1177 αὐτοῦκαὶ
580 1118 695 1180 Πλάτων
705 1122 731 1179 ἐν
738 1119 895 1201 Πεισάνδρῳ
936 1120 1044 1193 σκέπην.

108 1198 895 1287 καὶΚρατῖνοςένΘρᾴτταιςκολακώνυμονδέεῖπετθνίέλι·
975 1230 1023 1269 m.
1045 1210 1089 1269 τὸν
1108 1209 1165 1268 ὄνον
1182 1231 1189 1269 :
1207 1201 1294 1286 (Εἴδος
1312 1212 1424 1291 άγγείου.
1438 1213 1501 1281 ἴσως
1515 1214 1542 1273 δέ
1557 1215 1600 1275 διά
1611 1215 1641 1275 τό
1661 1217 1718 1275 διά-

108 1290 220 1367 ίινυμον.
234 1290 338 1373 εἴρηται
349 1291 377 1351 δέ
389 1291 429 1352 ότι
443 1292 524 1363 κόλαξ
533 1292 590 1375 [καὶ
601 1293 747 1375 ῥίψασπις)
758 1294 826 1355 τὀδθ
835 1294 895 1376 οὐχ)
936 1298 1048 1374 πλασμα
1062 1296 1132 1375 ἔχειν
1145 1295 1204 1355 ὄνου
1223 1299 1351 1380 μορφήν.)
1366 1336 1406 1344 -
1424 1300 1490 1369 τινές
1506 1303 1549 1361 τὸν
1568 1294 1644 1375 οἴνον,
1660 1306 1718 1362 ἀντὶ

80 1400 99 1439 ιο
110 1379 256 1459 προδώσειν
272 1383 358 1457 ἡμᾶς,
371 1380 429 1439 ἐπεὶ
442 1380 548 1461 λέγουσι
560 1380 593 1440 τὰ
607 1388 716 1441 τοιαῦτα
731 1386 754 1441 οἴ
775 1384 894 1465 ῥήτορες,
936 1389 983 1443 τοῦ
998 1384 1099 1465 οἰνηρὸν
1112 1386 1225 1461 ἀγγεῖον.
1238 1397 1268 1441 R.
1734 1406 1757 1445 ιο

108 1467 140 1533 ὥς
148 1466 217 1547 θπέρ
227 1470 305 1543 ήμῶν
315 1466 477 1545 ἀγωνίζομαι
487 1468 531 1527 καὶ
541 1468 601 1549 οὐχὶ
610 1468 739 1551 προδώσω
750 1470 798 1543 τὴν
807 1470 893 1530 πόλιν.
977 1491 1028 1532 οιι.
1049 1462 1125 1537 οὗτος
1139 1469 1168 1528 δέ
1184 1491 1191 1530 :
1208 1469 1254 1547 (Ὁ
1263 1470 1327 1538 ὄνος.
1342 1471 1431 1541 ἔπαιξε
1442 1472 1471 1533 δέ
1482 1480 1516 1541 ὡς
1528 1476 1592 1557 πρὸς
1604 1479 1633 1537 τὸ
1643 1481 1716 1559 ζῷον.

144 1574 196 1615 εκ.
219 1554 283 1635 (κάν
295 1552 424 1635 τῷδήμῳ
438 1554 545 1634 γνώμην
564 1556 673 1617 εὌτιὸ
692 1560 850 1641 δημηγορῶν
867 1560 895 1616 ἐν
938 1562 1096 1637 βρωμᾶσθαι
1110 1558 1137 1615 δέ
1151 1559 1208 1615 ἐστι
1218 1557 1249 1616 τὸ
1259 1563 1388 1618 πεινῶντα
1400 1561 1444 1620 τὸν
1458 1562 1516 1621 ὄνον
1528 1566 1663 1641 ὀγκᾶσθαι.
1679 1567 1719 1623 δῖ-

109 1644 144 1723 τῷ
157 1642 254 1724 δήμῳ,
265 1642 354 1723 φησὶν,
368 1644 415 1702 οὔκ
429 1643 515 1723 ἰσχύει
524 1648 570 1716 τῆς
581 1642 654 1715 νίκης
666 1644 712 1717 τήν
723 1648 820 1727 ψῆφον,
833 1644 895 1705 ἀνευ
937 1670 978 1713 νος
990 1644 1019 1705 δέ
1031 1648 1101 1704 ἐστιν
1115 1645 1219 1723 ἀγγεῖόν
1230 1670 1257 1705 τι
1270 1647 1409 1727 κεράμειον
1424 1648 1492 1708 οἴνου
1510 1641 1564 1710 οἷον
1577 1652 1717 1732 πρόχυμα,

109 1737 153 1803 τῆς
166 1730 278 1813 κρίσεως
289 1734 341 1789 τῶν
360 1731 503 1805 δικαστῶν,
519 1734 543 1790 εἰ
559 1730 596 1809 μή
616 1731 743 1814 πρότερον
756 1733 820 1817 πρὸς
832 1733 895 1811 μίαν
938 1733 1016 1814 βάσιν
1027 1736 1074 1792 οὐκ
1088 1732 1160 1813 ἴχον,
1171 1732 1240 1792 ἀλλὰ
1254 1735 1370 1793 κάτωθεν
1382 1734 1544 1817 ὑπότροχον.)
1560 1738 1681 1819 στράτιον
1690 1740 1718 1798 δλ

82 1846 100 1883 ιε
111 1819 183 1890 δίκην
196 1818 351 1886 δικάσαντες
364 1820 388 1877 οἱ
402 1818 525 1877 δικασταί
537 1828 644 1899 παρεῖεν
657 1821 703 1879 καὶ
721 1820 892 1903 ἐπιτρέψειεν.
936 1821 967 1879 τδ
978 1822 1014 1889 εἴς
1028 1819 1141 1888 πολλοὺς
1155 1820 1222 1901 [τῶν
1236 1821 1465 1903 στρατευομένων]
1480 1826 1579 1895 διῆκον.
1594 1828 1718 1907 (ἐχρῶντο
1734 1846 1757 1884 ιι

147 1906 198 1966 κάν
210 1906 249 1985 μή
264 1906 325 1986 εἴπῃ
341 1904 375 1965 τά
386 1906 542 1989 δικαστήρια
557 1928 564 1968 ;
577 1900 640 1968 Οἷον
653 1909 748 1985 μηκέτι
762 1908 832 1989 ἐχειν
847 1906 896 1981 τήν
936 1906 987 1989 γάρ
999 1908 1045 1968 καῖ
1058 1907 1163 1989 κήρυξιν
1176 1912 1203 1967 ἐν
1215 1918 1269 1976 τοῖς
1279 1909 1496 1990 στρατεύμασιν.)

113 1994 227 2064 ἐξουσίαν
239 1994 329 2053 ἀδικον
338 1997 461 2065 ποιῆσαι,
474 1995 533 2053 ἀλλ’
547 1994 619 2063 άπαξ
629 2001 748 2077 κριθῆναι
762 1994 828 2077 θπέρ
837 1994 895 2055 τού·
911 2052 913 2057 ,
977 1995 1086 2062 κλίνας;
1104 1995 1270 2062 Ἀνακλιθείς.
1294 2008 1360 2056 Vm.

103 2101 171 2155 των,
196 2080 245 2140 καῖ
264 2080 302 2160 μή
319 2080 439 2159 γενέσθαι
460 2080 638 2162 θπεράολιμόν
659 2107 711 2141 τινι
734 2082 895 2155 ποιήσασθαι
977 2104 1026 2143 οτι.
1051 2082 1127 2164 (άπερ
1141 2086 1156 2141 θ
1169 2086 1235 2149 Leuc
1247 2104 1254 2143 ε
1267 2084 1297 2143 Ἃ
1310 2088 1348 2165 τῷ
1358 2085 1402 2146 Διὶ
1416 2085 1521 2144 εἰώθασι
1535 2087 1638 2166 λέγειν.)

113 2172 218 2229 ἐπὶτῶν
232 2173 344 2248 γνωμῶν
359 2169 470 2229 καὶτῶν
489 2171 680 2251 ψηφισμάτων,
696 2171 764 2231 άλλθι
781 2172 811 2230 εδ
825 2170 895 2240 ἅπαξ
977 2190 1025 2230 τοο.
1048 2170 1107 2247 (κάν
1122 2171 1269 2251 άστράψωτ
1285 2171 1376 2233 Φύύον
1389 2174 1448 2231 κατ’
1460 2173 1544 2254 ἀρχὴν
1557 2172 1639 2243 δείξω.
1648 2200 1716 2236 ποπ-

81 2288 103 2327 w
113 2256 195 2335 κριθὲν
207 2258 298 2339 κύριον
311 2248 399 2335 εἶναι.)
937 2258 1060 2327 πύζουσιν
1072 2280 1079 2318 :
1094 2257 1174 2326 Ἐθος
1191 2258 1241 2339 γάρ
1252 2257 1309 2327 ταῖς
1320 2262 1468 2343 ἀστραπαῖς
1477 2263 1632 2332 ποππύζειν.
1644 2266 1718 2346 παρθ
1731 2288 1757 2327 ιο

149 2368 196 2407 σοι.
220 2346 327 2423 (αύτόςε
343 2348 411 2406 Κατ’
426 2344 557 2427 ἐξοχήντδ
568 2346 651 2413 αὐτός.
663 2347 856 2429 κεκραξιδάμας
868 2347 895 2405 δέ
937 2342 964 2402 δέ
986 2342 1020 2402 τά
1036 2343 1143 2404 εἰωθότα
1165 2343 1286 2429 λέγεσθαι
1301 2347 1351 2408 ύπδ
1371 2352 1423 2407 τῶν
1442 2351 1585 2423 ἀνθρώπων
1606 2352 1651 2409 ἐπὶ
1672 2360 1717 2412 τοῦ

115 2440 167 2515 θτῇ
183 2438 233 2514 βοῇ
248 2434 393 2512 δαμάζων.)
937 2431 1145 2513 ύπερύάλλοντος
1158 2432 1239 2513 φόβου
1255 2432 1340 2511 λέγει,
1355 2435 1396 2496 ὅτε
1410 2436 1568 2517 βρονταλκαῖ
1583 2442 1717 2519 ἀστραπαὶ

151 2546 198 2583 τοο.
232 2522 382 2603 (Εὐφημίου
408 2541 415 2581 :
443 2520 509 2581 Ὅτι
530 2522 666 2636 Εὐφήμιος
694 2528 746 2583 τῶν
764 2525 831 2602 άγαν
853 2524 896 2580 ίπῖ
937 2518 1067 2597 γίνονται,
1080 2520 1204 2598 παίζων.)
1743 2552 1748 2563 -

116 2610 235 2693 κολακεία)
246 2608 462 2687 διαβαλλομένων
474 2608 554 2681 ἐστὶν,
565 2636 586 2691 ῳ
598 2609 744 2691 παρείκασι
757 2610 802 2669 τὸν
816 2610 895 2673 Θέω-
976 2626 1024 2667 οοι.
1046 2607 1105 2665 ἀντὶ
1117 2613 1163 2666 τοῦ
1175 2610 1272 2675 καλῶς.
1287 2621 1317 2667 V.

84 2723 105 2761 τι
117 2723 155 2781 ρον
167 2700 210 2757 διθι
224 2696 366 2757 κολακείαν
385 2696 419 2755 τθ
438 2696 598 2775 ὑποδήματα
615 2703 666 2756 τῶν
684 2700 814 2758 δικαστῶν
827 2701 895 2757 ἀπο·
976 2715 1027 2755 εοο.
1050 2696 1110 2753 ἀλλ’
1125 2695 1225 2776 ἐρήμας
1238 2716 1246 2757 :
1263 2696 1412 2777 Παροιμία,
1427 2698 1488 2775 (οὐκ
1502 2698 1602 2779 ἐρήμης
1616 2701 1714 2781 τρυγή-
1731 2730 1756 2765 2³

117 2790 200 2867 (ῶντα
220 2784 267 2845 καλ
285 2783 433 2865 άλιίφοντα.
450 2788 578 2859 μετῆκται
594 2786 622 2844 δὲ
641 2786 693 2844 ἀπὸ
705 2789 759 2845 τῶν
772 2786 893 2863 ἀγγείων.
938 2787 1012 2861 σεις,)
1025 2782 1133 2843 ἐπὶτῶν
1147 2786 1229 2852 ἀδεῶς
1240 2808 1267 2843 τι
1278 2784 1455 2867 πραττόντων,
1467 2788 1502 2852 ῶς
1513 2788 1623 2863 μηδενὸς
1632 2791 1718 2854 αὐτοῖς

118 2874 206 2956 κυρίοις
216 2872 456 2955 γάρπερυιωνῆσαί
467 2874 522 2930 ἐστι
536 2872 566 2931 τὸ
578 2877 710 2932 πισσῶσαι
724 2871 757 2931 τά
772 2874 893 2953 κεράμια.
938 2870 1169 2952 ἀντιπράττοντος,
1185 2872 1286 2953 ἐρήμας
1300 2872 1449 2953 τρυγήσειν.
1471 2869 1536 2949 (ἔστι
1550 2871 1577 2931 δέ
1592 2873 1646 2932 άπὸ
1665 2880 1717 2934 τῶν

153 2984 200 3023 wo.
221 2970 360 3043 περικωνεῖ
372 2981 379 3021 :
395 2959 492 3042 Κύκλιμ
506 2964 614 3044 περιψδ).
635 2974 696 3020 Uet.
937 2956 983 3025 τάς
997 2956 1132 3037 ἀμπέλους
1146 2959 1292 3044 τηρούντων
1305 2958 1502 3041 ἀφροντίστως.)

154 3073 201 3113 υοε.
222 3050 343 3128 ἔμπλησο
358 3069 366 3109 :
383 3047 538 3130 Κορέσθητι.
560 3060 624 3109 Vict.
976 3065 1025 3106 σοι.
1050 3046 1155 3123 (καλῶς
1173 3045 1224 3129 γάρ
1244 3047 1341 3128 ήδειντ
1364 3046 1411 3107 Ἐν
1427 3043 1553 3126 εἰρωνεία.
1571 3048 1717 3108 τούναντίον

86 3170 108 3207 :0
155 3159 202 3201 σοι.
222 3136 343 3221 πρωκτὸς
355 3138 464 3219 λουτροῦ
479 3158 486 3196 :
499 3135 543 3195 ἐπλ
554 3140 606 3196 τῶν
623 3139 784 3217 βιαζομένων
798 3142 833 3205 είς
847 3162 896 3196 κα-
937 3132 988 3214 γάρ
999 3134 1325 3215 παραδηλοῖ,πειθόμενος
1336 3132 1418 3203 οὕτως
1428 3131 1598 3192 πιθανώτατα
1609 3134 1717 3214 ἔμελλον
1732 3163 1758 3200 ³·

119 3228 162 3285 κδν
174 3228 266 3294 αὐτοῖς.
287 3224 334 3285 καλ
353 3223 484 3305 παροιμία
500 3224 543 3283 ἐπὶ
559 3226 611 3283 τῶν
630 3226 668 3301 μή
689 3225 839 3303 δυναμένων
857 3224 895 3283 νί-
937 3224 1014 3301 ἐρεῖν.

120 3318 268 3395 (αοθαιτῆς
288 3311 390 3379 κοιλίας
403 3310 546 3394 φερομένης
560 3314 681 3392 συνεχῶς.
695 3324 722 3370 R.
743 3314 896 3394 (παροιμια-
976 3308 1060 3389 ταύτῃ
1075 3308 1212 3391 κράτιστος
1228 3328 1236 3368 τ
1257 3313 1283 3370 Τ
1283 3334 1306 3390 ῳ
1322 3310 1394 3391 αὐτῷ
1405 3307 1495 3390 τρόπῳ
1509 3310 1535 3366 ἐν
1551 3311 1589 3390 τῷ
1601 3309 1718 3389 δημηγο-

121 3403 163 3461 κ“ον
174 3407 247 3461 τοῦτο
258 3400 302 3459 έπλ
322 3404 376 3459 τῶν
394 3400 437 3457 ἐπὶ
459 3404 533 3479 κακῷ
546 3402 586 3479 τῷ
602 3401 702 3457 ἑαυτῶν
724 3398 863 3459 νικώντων.
878 3397 896 3469 ἢ
937 3400 1032 3477 γορεῒν.
1043 3396 1103 3468 ήτοι
1114 3394 1197 3472 ταύτῃ
1209 3401 1243 3476 τῇ
1254 3396 1361 3475 γνώμη,
1375 3394 1416 3455 ύτι
1429 3402 1475 3456 τοῦ
1487 3395 1599 3463 δικάζειν
1615 3396 1718 3475 βέλτιόν

122 3490 163 3551 ἐπὶ
178 3494 227 3548 τῶν
237 3490 277 3548 ἀεὶ
289 3486 473 3565 μολυνομένων
485 3487 531 3546 καὶ
545 3486 705 3567 βιαζομένων
716 3486 895 3570 καθαίρεσθαι.
937 3485 994 3543 ἐστι
1005 3483 1035 3543 τδ
1048 3482 1120 3543 ἐνδον
1130 3482 1291 3553 καθέζεσθαι.
1303 3483 1383 3555 ἣάπδ
1393 3491 1541 3566 μκταφορᾶς
1551 3485 1604 3540 τῶν
1613 3490 1717 3544 πυκτῶν

88 3576 319 3659 ιοὸγθρπρωκτθς
332 3574 490 3653 πλυνόμενος
500 3574 661 3656 περιγίνεται
672 3578 718 3647 τῆς
728 3574 895 3656 καθάρσεως,
937 3575 989 3630 τῶν
1004 3569 1074 3630 κατά
1087 3570 1135 3642 τήν
1149 3569 1239 3652 ἐτέραν
1250 3575 1327 3653 χεῖρα
1339 3570 1389 3643 τήν
1402 3570 1511 3649 δύναμιν
1524 3568 1663 3651 ἐχόντων.)
1728 3598 1754 3635 ν,

123 3667 167 3725 καὶ
179 3665 214 3725 ἐτι
226 3664 366 3743 μολύνεται
378 3664 423 3721 καὶ
436 3665 536 3743 μᾶλλον
548 3666 575 3723 ἐν
588 3667 622 3743 τῇ
635 3661 707 3745 βάσει
718 3668 765 3734 τῆς
776 3662 896 3742 γαστρός.
976 3680 1025 3719 οκο.
1047 3661 1099 3736 (ὡς
1114 3658 1141 3718 δέ
1158 3659 1236 3717 πάντ’
1254 3660 1412 3732 ἐπελήλυθεν
1430 3680 1437 3719 :
1454 3658 1592 3736 Θαυμάζει
1610 3662 1624 3716 θ
1641 3662 1716 3742 χορός

124 3754 217 3835 εἴρηται
233 3750 259 3812 δῖ
276 3752 330 3811 ἀπὸ
350 3754 402 3810 τῶν
419 3750 466 3821 τήν
486 3748 600 3832 γαστέρα
622 3748 765 3832 φερομένην
784 3749 896 3829 ἐχόντων
937 3752 982 3805 τοῦ
995 3745 1178 3814 Φιλοκλέωνος
1188 3746 1237 3817 τήν
1248 3747 1439 3822 κατάστασιν.)

124 3842 167 3901 καὶ
174 3844 196 3899 ἐν
207 3845 245 3923 τῷ
256 3838 433 3899 ἀπολούεσθαι
442 3837 592 3915 νικωμένων
604 3842 635 3916 τῇ
650 3845 726 3919 φορᾷ.
787 3834 895 3904 Ἄλλως,
977 3854 1026 3895 σον.
1050 3834 1178 3912 (δικάζειν
1195 3854 1202 3893 :
1220 3833 1285 3896 Δέον
1297 3836 1379 3893 εἰπεῖν
1391 3834 1479 3903 οἰκεῖν,
1493 3833 1604 3907 δικάζειν
1615 3834 1642 3893 δέ
1654 3835 1719 3923 ἔφα-

126 3927 257 4011 Εύφρόνιος
272 3925 330 4007 μέν,
349 3930 384 3992 ῶς
401 3930 449 3998 τῆς
462 3924 559 3992 εἰκόνος
577 3927 657 3984 αὐτοῦ
676 3923 789 4001 ματαίας
803 3922 896 4000 ούσης,
938 3945 987 3982 σαν
999 3927 1034 3990 ῶς
1048 3921 1202 4005 φιλόδικοι.)

89 4040 114 4078 ιο
126 4016 164 4075 ότι
175 4015 288 4095 ματαίων
302 4016 449 4092 ἐπιθυμεῖς.
463 4013 509 4072 καὶ
519 4010 570 4093 γάρ
580 4012 610 4071 τὸ
622 4011 700 4093 μέρος
711 4014 794 4071 έκεῖνο
804 4010 896 4071 πλυνό·
978 4010 1090 4079 δικάζειν
1102 4030 1109 4070 2
1122 4010 1189 4071 Ἀντλ
1203 4016 1248 4069 τοῦ
1263 4012 1353 4081 εἰπεῖν,
1368 4011 1457 4068 οἴκεῖν.
1476 4020 1539 4068 Vict·
1731 4040 1762 4076 μ,

127 4128 196 4181 μενον
208 4104 244 4165 ἐτι
258 4102 409 4182 μολύνεται.
424 4100 622 4182 Καλλίστρατος
632 4100 660 4159 δέ
670 4122 742 4181 φησι·
751 4098 895 4181 παροιμία,
977 4118 1026 4158 ωε.
1043 4098 1210 4178 σκορδινᾶται
1222 4116 1230 4157 :
1246 4097 1437 4177 Σκορδινᾶσθαι
1450 4095 1522 4153 ἐστὶν
1536 4095 1550 4155 δ
1564 4103 1680 4160 ποιοῦσιν
1695 4103 1725 4156 οἱ,

127 4192 234 4274 ττρωκτθς
251 4192 361 4271 λουτροῦ
382 4188 520 4271 περιγένῃ,
544 4188 588 4247 ἐπὶ
608 4192 660 4247 τῶν
682 4186 841 4267 βιαζομένων
861 4190 897 4255 εἴς
938 4186 966 4255 ἐξ
979 4186 1060 4245 ύπνου
1077 4184 1258 4261 ἀνιστάμενοι,
1274 4183 1333 4261 (καλ
1345 4182 1412 4260 μετά
1423 4184 1531 4261 χάσμης
1543 4183 1578 4242 τά
1590 4184 1657 4263 μέλη
1672 4188 1717 4245 ἐκ·

129 4278 200 4338 κακὸν
211 4277 324 4345 ἑαυτούς.
334 4282 370 4345 ῶς
382 4276 407 4335 εἴ
419 4301 456 4344 τις
473 4276 586 4356 βιάζοιτο
599 4275 636 4352 μὴ
653 4272 869 4351 ἀποπλύνεσθαι.)
937 4274 1069 4342 τείνοντες.
1081 4274 1160 4354 φησὶν
1171 4264 1215 4333 οῦν
1229 4270 1269 4332 δτι
1281 4280 1419 4352 γασμάται
1437 4270 1483 4329 καὶ
1497 4270 1657 4330 διατείνεται
1669 4274 1719 4330 ὑπὸ

166 4388 207 4428 mu.
228 4367 299 4445 (ὅταν
311 4364 395 4425 οἴκαδ’
408 4364 440 4423 ἴω
455 4385 462 4423 :
477 4362 543 4425 Ὅτι
560 4362 663 4422 παλαιά
681 4368 698 4434 ἡ
713 4361 757 4421 διθι
768 4366 897 4441 γυναικῶν
938 4366 984 4434 τῆς
999 4361 1134 4439 ἀθυμίας.)
1149 4393 1182 4404 -
1194 4364 1241 4419 οὐκ
1252 4359 1308 4444 ἔχει
1319 4359 1418 4419 ἔαυτόν.
1433 4370 1464 4416 V.

93 4474 117 4513 ιι
130 4455 246 4535 τημελία,
255 4452 300 4513 καλ
312 4452 393 4521 οὕτως
403 4450 546 4531 ἐτημελουν
557 4450 616 4518 τοθς
627 4450 743 4531 πατέρας
752 4451 797 4510 καὶ
809 4451 897 4531 γέρον·
978 4470 1026 4509 σεο.
1043 4447 1126 4519 σκύτη
1149 4449 1255 4528 βλέπειν
1275 4469 1282 4510 :
1301 4445 1346 4508 Ὅ
1355 4450 1412 4505 ἐστι
1425 4445 1530 4525 πληγάς
1544 4470 1584 4506 σοι
1597 4448 1716 4524 ἐμῦαλῶ.
1732 4474 1756 4509 ιο

132 4565 188 4613 τας,
198 4541 260 4602 ῶστε
273 4540 339 4619 μετά
352 4541 383 4599 τὸ
396 4539 469 4621 νίψαι
483 4539 598 4621 άλιίφειν
612 4536 670 4605 τοῦς
686 4537 777 4604 πόδας,
792 4537 896 4619 Εὗφρό-
938 4574 973 4584 -
984 4537 1030 4596 καὶ
1043 4542 1119 4597 τοῦτο
1134 4559 1198 4619 φασι
1210 4558 1321 4617 παροιμ.
1337 4535 1380 4594 en&
1397 4538 1448 4592 τῶν
1464 4533 1616 4612 ἐγγιζόντων
1628 4540 1715 4603 κακῶς

131 4654 180 4697 νιος
194 4631 219 4689 δὲ
234 4630 278 4689 καῖ
293 4628 354 4699 τὼς
365 4630 428 4709 παρ’
451 4626 566 4707 Ὁμήρῳ
583 4625 709 4706 λιπαροὺς
720 4624 801 4692 πόδας
816 4624 897 4693 οὕτως
938 4648 997 4687 τινι.
1020 4636 1049 4682 R.
1069 4623 1212 4704 (παροιμία
1234 4622 1261 4681 δέ
1283 4622 1388 4701 ἐλέγετο
1409 4621 1453 4680 ἐπὶ
1475 4624 1527 4679 τῶν
1554 4621 1716 4680 δειλιώντων.

131 4716 349 4783 άποδιδόναιτινάς
362 4718 447 4797 φησι.)
938 4710 1046 4780 Ἄλλως.
1069 4710 1199 4789 μέμνηται
1216 4714 1264 4782 τῆς
1280 4706 1423 4791 παροιμίας
1443 4707 1558 4775 Εὔπολις
1576 4712 1603 4766 έν
1621 4712 1719 4790 Χρυσῷ

171 4804 284 4875 είσήκονθ
300 4826 307 4865 :
322 4802 482 4884 Προσιόντα.
504 4814 564 4861 (θοι.
937 4798 1015 4878 γένει.
1028 4798 1092 4880 φησλ
1103 4797 1153 4878 γάρ

94 4910 120 4949 ιο
172 4912 216 4953 ιον.
235 4892 424 4971 (ἐκκαλαμᾶται
436 4910 443 4951 :
455 4890 587 4971 Ἀποοπᾷ,
599 4889 651 4947 άπὸ
658 4892 709 4947 τῶν
722 4886 764 4947 διδι
775 4887 896 4967 καλάμου

132 4977 470 5061 τώεῑκθίειᾶιιενίιτνν)

174 5066 326 5135 παππάζουσ’
339 5087 346 5127 :
361 5065 491 5127 Παππίαν
506 5066 634 5129 καλοῦσα.
654 5074 715 5122 Vm.
757 5132 760 5139 Ι
939 5061 1042 5143 εἴρηται
1058 5059 1086 5119 δέ
1100 5058 1143 5118 ἐπ)
1156 5061 1209 5118 τῶν
1222 5060 1417 5139 ὑποθιαστικῶς
1431 5055 1600 5134 διακειμένων
1612 5056 1675 5140 πρὸς
1686 5056 1719 5113 τά

174 5174 217 5213 ειο.
237 5152 340 5237 (φυστήν
360 5159 445 5232 μᾶζαν
466 5174 474 5213 2
496 5150 591 5224 Φυοτή
613 5156 719 5228 μᾶζαή
741 5148 767 5218 ἐξ
781 5150 896 5231 ἀλφίτων
940 5148 1068 5227 μέλλοντα
1084 5145 1163 5205 κακά.
1179 5145 1296 5204 πεπάναι
1314 5143 1341 5204 δέ
1361 5143 1492 5221 μαλάξαι,
1506 5145 1699 5224 ὑποχαλάσαι.)

136 5240 258 5302 καῖοἷνου.
271 5242 390 5311 ὀξυτόνως
402 5240 445 5315 δέ,
461 5240 495 5307 ῶς
509 5264 586 5321 φησιν
599 5236 787 5327 ἹΙρωδιαγάς.)
980 5256 1028 5295 ιιτ.
1052 5234 1089 5311 μή
1115 5233 1179 5313 πρὸς
1203 5236 1266 5310 ἐμοῦ
1284 5233 1386 5311 λέγοντι
1411 5254 1417 5292 :
1442 5232 1510 5290 ’λντὶ
1527 5239 1572 5291 τοῦ
1594 5232 1631 5310 μή
1653 5230 1719 5315 ὑπὲρ

1028 4936 1181 5001 ἀτεχνιῖιςμὲν
1193 4932 1269 4989 οθντὸ
1280 4934 1412 4998 λεγόμενον,
1421 4935 1496 4992 σκύτη
1506 4935 1594 4997 βλέπει.
1732 4957 1759 5000 20.
