4100 6109
571 1147 1238 1320 PRAEFATIO.

257 2342 364 2429 Quod
384 2344 515 2412 mirum
531 2342 641 2413 videri
657 2360 787 2441 potest,
804 2344 834 2414 si
853 2344 915 2439 qui
927 2356 1033 2413 erunt
1047 2340 1093 2411 ad
1110 2340 1205 2413 hanc
1226 2343 1390 2439 paginam
1413 2343 1540 2433 delati,
1559 2370 1619 2415 no·

207 2487 343 2555 animun
371 2503 406 2554 et
432 2509 544 2597 rerum
567 2483 715 2555 radicem
734 2484 941 2582 praelatione
963 2483 1111 2571 instrui,
1137 2508 1210 2555 non
1231 2483 1413 2555 videbitur
1432 2484 1488 2557 his
1506 2484 1620 2583 perle-

201 2634 280 2703 ctis.
300 2638 341 2703 ln
364 2632 431 2703 illis
451 2657 537 2705 sane
561 2634 676 2729 poetis
702 2647 735 2703 et
757 2630 1013 2729 scriptoribus,
1042 2630 1104 2727 qui
1129 2629 1202 2701 hoc
1219 2628 1354 2726 ubique
1377 2631 1504 2703 dicunt
1522 2632 1622 2728 quod

201 2783 313 2855 verba
331 2800 480 2873 sonant,
496 2785 603 2882 plana
623 2786 680 2855 via
695 2783 896 2871 inceditur,
915 2782 1014 2880 apud
1027 2780 1302 2879 Aristophanem
1321 2806 1386 2878 per
1405 2780 1540 2871 lusum,
1560 2808 1624 2880 per

203 2934 375 3022 ironiam,
395 2958 461 3030 per
478 2934 607 3006 miram
623 2932 863 3005 diversitatem
879 2932 1125 3030 loquentium,
1148 2955 1214 3028 per
1227 2932 1349 3003 omnia
1366 2930 1524 3027 denique
1546 2957 1625 3027 quae

107 3145 112 3150 .
203 3084 335 3154 veteris
361 3078 549 3154 comoediae
574 3081 761 3153 exsultatio
784 3104 825 3151 ex
851 3080 1035 3176 ingenioso
1057 3093 1163 3175 poeta
1184 3076 1325 3166 elicuit,
1351 3101 1407 3149 res
1431 3104 1508 3150 eam
1532 3103 1623 3176 saepe

201 3230 361 3326 speciem
381 3228 558 3315 induunt,
582 3244 638 3315 ut,
665 3229 750 3301 siin
772 3226 1067 3322 seriajejunitate
1092 3223 1217 3297 indicis
1237 3225 1284 3295 ita
1307 3223 1518 3314 reserantur,
1541 3226 1625 3297 lon·

202 3380 346 3476 gissime
364 3378 542 3451 abluturae
557 3380 629 3449 sint
650 3404 671 3450 a
692 3403 774 3450 vera
795 3379 970 3449 sententia
990 3392 1115 3473 poetae.
1138 3380 1239 3447 Hanc
1257 3377 1294 3446 in
1314 3375 1438 3462 indice,
1460 3376 1626 3449 abstersis

205 3526 359 3613 facetiis,
385 3526 525 3597 comico
553 3523 724 3620 choragio
750 3538 917 3611 exutam,
946 3525 1102 3620 proponi
1135 3523 1374 3595 conveniebat
1397 3523 1484 3594 :sed
1512 3549 1625 3620 quum

203 3670 356 3742 collecta
373 3678 427 3747 ὕλη
447 3694 489 3741 ex
506 3669 693 3742 comoediis
708 3684 742 3740 et
760 3667 908 3741 scholiis
921 3668 995 3762 jam
1013 3692 1078 3765 per
1093 3692 1130 3739 se
1148 3671 1184 3738 in
1204 3692 1373 3764 magnum
1385 3693 1553 3742 acervum
1569 3696 1626 3742 ex-

204 3818 392 3907 crevisset,
423 3842 470 3889 ne
492 3842 571 3889 mea
588 3818 845 3915 qualicumque
868 3818 1092 3914 expositione
1117 3816 1223 3888 nudae
1248 3819 1434 3889 sententiae
1454 3818 1491 3889 in
1515 3819 1629 3913 majus

204 3965 316 4035 etiam
341 3979 539 4059 augeretur,
563 3985 603 4034 eu
628 3986 708 4059 quae
735 3963 917 4059 praecipua
943 3984 1017 4032 esse
1041 3960 1306 4049 existimabam,
1335 3961 1451 4033 verbis
1481 3963 1627 4059 quidem

204 4110 253 4180 ad
282 4108 537 4205 Aristophaneo
565 4130 674 4203 quam
699 4109 863 4204 proxime
884 4105 1141 4177 accedentibus
1170 4106 1299 4177 referre
1326 4109 1475 4195 tentavi,
1505 4132 1628 4179 verum

206 4255 372 4328 oratione
403 4255 452 4326 ita
487 4230 707 4351 composita,
740 4269 779 4324 ut
814 4252 897 4324 ficta
922 4278 946 4324 a
969 4254 1061 4325 veris
1088 4252 1188 4357 lacile
1213 4252 1379 4326 dinoscas
1403 4270 1438 4325 et
1471 4270 1626 4325 mentem

206 4399 348 4469 Comici
376 4397 475 4468 haud
499 4422 587 4492 aegre
619 4397 797 4492 dispicias.
824 4395 1095 4469 Attendendum
1122 4412 1173 4467 est
1204 4412 1324 4468 autem
1353 4399 1390 4467 in
1421 4421 1459 4468 ea
1480 4422 1535 4485 re,
1564 4424 1629 4468 nec

208 4568 364 4642 usquam
382 4544 650 4642 negligendum,
671 4570 714 4617 ex
731 4570 803 4640 qna
821 4543 982 4641 quidque
1000 4543 1116 4616 fabula
1140 4544 1319 4615 alleratur.

260 4697 428 4765 Ceterum
451 4719 548 4767 novo
574 4696 739 4767 instituto
769 4710 804 4765 et
830 4695 876 4767 ad
902 4693 1179 4790 Aristophanem
1211 4694 1391 4790 inprimis,
1421 4718 1627 4790 opinamur,

210 4838 487 4911 accommodato
503 4856 618 4936 poetae
628 4839 723 4911 dicta
737 4855 772 4911 et
788 4837 1059 4909 scholiastarum
1075 4840 1408 4934 interpretationem
1427 4855 1462 4912 et
1474 4840 1630 4937 disputa·

214 4988 332 5058 tiones
360 4990 397 5058 in
429 5013 543 5059 unum
573 4990 844 5084 conjunximus,
868 5014 931 5085 per
953 5004 1121 5085 typorum
1151 4990 1302 5061 sormam
1330 5006 1482 5087 utraque
1507 4991 1630 5062 distin·

213 5145 386 5224 guentes:
412 5130 475 5226 qui
500 5129 632 5201 modus
654 5154 767 5226 quum
791 5129 828 5201 in
854 5130 1063 5200 universum
1092 5130 1239 5201 inultam
1264 5132 1556 5204 commoditatem
1578 5134 1628 5203 al-
