4100 6109
648 443 834 504 scfloLlA
860 443 903 503 lN
931 443 1123 506 PLUTUM.
1633 459 1689 508 οεε

107 584 187 664 αγρῶς.
197 590 225 637 θ.
241 587 288 636 θα.
304 575 361 636 ἀντλ
375 581 420 636 τοῦ
435 577 518 634 εἰπεῖν
533 575 592 634 λίαν
605 575 700 642 πίονες.
720 586 745 633 C.
758 575 866 654 λιπαροί
886 567 1003 670 γ’σκανος
1017 575 1107 643 ἅπλῶς
1121 575 1165 635 ἐπὶ
1178 576 1293 724 λοιδορψρ
1305 575 1428 636 τιθέασιν.
1445 621 1473 628 -
1487 577 1576 656 ψεύδει
1590 599 1598 638 :
1616 581 1691 639 Ψευ·

106 669 201 734 ἀτόπως.
216 678 246 722 D.
575 725 578 732 ,
908 663 950 730 δὸς
962 663 1055 740 λέγεις.
1072 676 1101 722 Ρ.
1116 663 1235 724 τούτωνε
1292 663 1381 744 νπερλ
1399 665 1450 722 τῶν
1471 665 1585 746 ῥητόρων
1599 665 1691 744 λέγεις.
1778 670 1782 676 ’

138 759 197 834 (σοι).
218 753 361 836 σφηκώδεις
376 772 383 813 :
397 751 497 813 Λεπτοί
516 751 584 810 κατὰ
601 751 631 810 τὸ
646 751 735 828 μέσον,
749 753 783 816 ώς
796 753 865 830 σφῆ-
908 763 937 810 θ.
953 764 1001 813 m.
1018 745 1054 810 ὧν
1068 743 1150 819 εἶπας.
1166 751 1296 832 βάσκανος
1312 773 1319 812 :
1336 751 1447 832 Ἐχθρή.
1464 766 1492 810 Ρ.

105 843 172 916 κεςλ
188 841 287 921 πικροὶ,
302 839 361 899 ἐπεί
377 839 423 898 κοιλ
437 838 467 898 τὸ
486 841 551 921 ζῷον
569 837 662 918 πικρόν
681 839 737 897 ἐστι
754 835 864 918 σφόδρα·
904 855 907 864 ·
947 859 995 900 εον.
1018 837 1084 920 ἀτδιρ
1103 841 1154 920 οῦχ
1170 831 1249 912 ήττον
1264 859 1271 900 :
1287 837 1405 918 (Ὅμως,
1420 840 1508 921 φησίν,
1524 845 1547 900 εί
1561 841 1605 900 καὶ
1622 845 1692 912 ἀλη-

85 933 150 1010 τίμα
164 929 207 1010 μὸν
217 928 256 988 δτι
269 929 316 988 κοιλ
328 927 494 1008 δριμύτεραι,
507 925 564 1004 ἀμα
574 925 601 985 δὲ
611 925 651 985 ὸτε
665 924 711 984 καλ
721 923 865 1006 ἰσχνότεροι
907 925 1005 1006 θεύεες,
1025 925 1063 1006 μή
1083 925 1152 1005 μέγα
1171 927 1310 1010 φρονήσῃς·
1328 926 1401 987 οὐδὲν
1417 926 1468 1010 γὰρ
1482 921 1559 1000 ἧττον
1576 927 1610 986 τδι
1625 926 1691 987 αιἰτὸ
1706 945 1719 983 ε

104 1021 201 1097 γίνονται
215 1015 420 1094 οῖλιμώττονιες
433 1019 469 1083 ώς
481 1019 585 1095 σφῆκες.
619 1010 727 1080 Ἄλλως.
741 1011 865 1092 σκληροὶ,
907 1013 996 1094 πείσῃ.
1015 1013 1137 1095 κομήσῃς
1154 1013 1182 1074 δέ
1196 1015 1254 1074 ἀντί
1267 1018 1323 1094 τοῦ)
1338 1015 1555 1097 ὑπερηφανήσῃς,
1572 1015 1645 1097 παρδι
1662 1017 1692 1076 τὸ

103 1104 347 1183 ἢλεπτοδ,μα’λιστα
358 1102 393 1163 τὸ
402 1103 476 1162 καίτοι
486 1107 538 1162 τῶν
548 1100 691 1183 γαστέρων,
706 1099 790 1160 δεδιτὸ
804 1121 866 1182 γορ-
906 1100 965 1170 τοὸς
987 1107 1126 1182 κομῶντας
1151 1113 1309 1184 καυχητεᾶν.
1334 1103 1366 1184 [ἢ
1393 1103 1446 1162 ἀπὸ
1470 1113 1617 1182 μεταφορᾶς
1640 1107 1691 1160 τῶν

103 1197 139 1277 γὀν
151 1193 189 1252 καλ
205 1191 347 1263 εὐκίνητον·
360 1195 471 1251 τοιοῦτοι
484 1189 536 1272 γὸρ
550 1192 575 1250 ot
589 1195 685 1271 σφῆκες
699 1189 729 1248 τὸ
741 1187 831 1266 μέσον.
907 1189 1028 1270 δένδρων,
1042 1189 1060 1248 θ
1078 1189 1126 1263 τὴν
1140 1189 1226 1270 κόμην
1240 1193 1307 1272 ὑψοῦ
1324 1189 1425 1272 έχουσι,
1439 1197 1550 1251 τοιοῦτοι
1564 1191 1591 1250 δὲ
1606 1191 1651 1250 καὶ
1668 1194 1692 1249 οί

134 1287 181 1349 τοῖς
193 1281 292 1361 ἐχθροῖς
306 1278 408 1362 ἀνιαροί
421 1299 430 1340 τ
449 1277 485 1342 ‘0
499 1278 550 1360 γὸρ
563 1283 621 1345 ταῖς
634 1275 710 1360 σαρξί
724 1275 761 1354 μή
781 1279 864 1358 βαρυ-
907 1277 1078 1360 θπέρρρονες,
1097 1282 1162 1360 διψῶ
1176 1278 1224 1351 τλν
1244 1277 1352 1357 γνώμην
1366 1279 1506 1360 αἴροντες]
1525 1324 1557 1334 -.
1573 1284 1650 1338 τοῦτο
1664 1279 1691 1336 δὲ

76 1370 202 1445 τινύμενος,
222 1367 292 1427 ἀλλά
311 1366 416 1449 κούφοις
431 1365 500 1448 ἔχων
514 1369 561 1426 τοῦ
578 1365 714 1444 σώματος,
737 1363 810 1446 ῥᾷστ’
833 1361 863 1421 ἀν
907 1366 950 1425 διὸ
972 1365 1053 1442 μέσου
1069 1366 1184 1446 εἴρηται,
1199 1367 1245 1427 καὶ
1267 1367 1324 1427 ἐστι
1341 1366 1385 1440 τὸ,
1408 1368 1448 1426 ἀει
1466 1368 1566 1444 ζητεῖς,
1583 1367 1648 1450 πρὸς
1663 1367 1691 1426 τὸ
1708 1386 1733 1423 ιο

102 1453 203 1538 καθ’πρὸς
215 1454 275 1523 τοὸς
289 1455 397 1536 ἐχθροὸς
411 1454 665 1535 ἀντεπαρστοίξητοιι,
680 1458 791 1512 τοιοῦτοι
801 1451 828 1510 δὲ
841 1453 864 1510 οἱ
906 1453 1025 1516 κλαύσει.
1046 1467 1115 1515 sunt.
1131 1454 1174 1514 διὸ
1189 1459 1242 1514 τῶν
1254 1453 1340 1535 λύγων
1352 1445 1388 1514 ών
1407 1445 1496 1532 εἶπας,
1517 1453 1586 1513 ἀλλδι
1600 1455 1693 1526 ἐπίσης

102 1545 192 1615 κέντρος
205 1541 289 1602 διὸτὸ
303 1541 341 1621 μὴ
355 1544 491 1624 εὖσαρκεῖν
504 1541 767 1624 ἀπορίφιτροφῶν.-
780 1539 864 1619 ἰσχνοί
905 1543 1079 1622 τιμωρηθήση
1100 1544 1158 1615 δηλ.
1185 1562 1213 1610 ρ,
1229 1543 1345 1622 ταύτηγε
1365 1542 1477 1622 κομίσῃς
1497 1563 1505 1603 :
1523 1542 1587 1602 Ἀπὸ
1600 1541 1692 1601 τούτου

102 1634 138 1692 καὶ
148 1657 186 1714 αφ.
201 1631 322 1692 τΛεπτοδ
335 1630 370 1690 τὸ
391 1629 502 1707 σώματα
517 1628 608 1708 ὥσπερ
627 1633 650 1687 οῐ
667 1635 772 1709 σφῆκες.
790 1631 864 1686 ἀνεα-
905 1631 1029 1709 ἐπαρθῇς.
1044 1644 1097 1690 Dv.
1113 1633 1237 1711 ε’παρθῇς.
1252 1643 1284 1690 Ρ.

103 1723 151 1802 ροίε
167 1717 293 1800 Αυιτηροί.
306 1731 354 1778 Βυ.
368 1718 455 1792 λύπην
470 1719 609 1796 ἐπάγοντες
620 1725 673 1783 τοῖς
686 1717 794 1798 ἐχθροῖς.
813 1729 841 1774 Ρ.
945 1736 993 1778 σεο.
1015 1717 1073 1790 ὸτιή
1085 1721 1169 1790 ζητεῖς
1185 1739 1192 1778 :
1207 1718 1284 1778 Ἐπεὶ
1298 1717 1430 1788 ἐξετάζεις.
1447 1729 1477 1776 Ρ.
1713 1791 1718 1798 ,

75 1827 91 1864 ιε
133 1829 173 1869 εει.
192 1809 326 1890 σφηκῶδες
340 1827 347 1866 :
360 1807 401 1868 Τὸ
412 1806 517 1865 λεπτόν.
531 1815 560 1865 Ρ.
945 1823 994 1864 57⁴.
1017 1805 1121 1884 ἐλέγξαι
1142 1809 1170 1885 μ’
1191 1829 1199 1868 t
1217 1807 1285 1876 Ἐμὲ
1303 1805 1473 1889 ψευδόμενον.
1496 1819 1526 1866 Ρ.
1549 1806 1627 1888 (Περὶ
1647 1813 1692 1866 τοῦ
1707 1828 1732 1870 ιε

133 1917 174 1957 εει.
196 1889 521 1977 [περῖσωφροσύνηςήδηε
534 1891 709 1962 Καταλέξαοα
719 1891 752 1951 τὸ
762 1891 863 1970 ἀγαθδι,
906 1891 953 1970 μὴ)
970 1893 1100 1975 διαφέρειν
1113 1918 1147 1973 με
1159 1899 1204 1954 τοῦ
1218 1893 1350 1955 Πλούτου.
1367 1907 1428 1954 Η.

102 1983 152 2043 δδί
162 1983 236 2055 σύτλν
252 1984 401 2064 ἀνθρώποις
413 1981 542 2058 γίνονται,
555 1987 599 2040 νῦν
618 1981 740 2061 βούλεται
759 1979 864 2038 ἀποδεῖ·
945 2001 994 2041 ατε.
1016 1982 1062 2040 καί
1077 1981 1240 2063 πτερυγίζεις
1257 2005 1265 2043 :
1285 1985 1389 2064 (Κοῦφοι
1401 1981 1446 2042 καί
1461 1982 1562 2060 μέταια
1575 1981 1692 2063 διαλέγῃ.

102 2075 134 2140 ξαι
145 2071 179 2130 ἀιε
192 2071 235 2130 καί
249 2070 419 2152 σαοφροσύνης
434 2070 504 2129 αἰτία
520 2069 600 2142 ἐστίν,
611 2067 701 2147 ώσπερ
717 2071 731 2126 ὸ
747 2069 864 2133 Πλοῦτος
905 2069 959 2127 ἀπὸ
981 2073 1033 2128 τῶν
1054 2073 1177 2144 νεοσσῶν,
1198 2070 1216 2129 θ
1237 2070 1388 2152 πειρσίζουσι
1410 2069 1458 2148 μὲν
1480 2069 1526 2138 τὸς
1548 2069 1693 2150 τττέρυγαςι

102 2153 128 2219 ού
140 2157 284 2218 τούναντίον.
303 2157 409 2225 είκύτοις
426 2157 453 2216 δὲ
468 2149 525 2216 εἶπε
540 2157 569 2216 τὸ
584 2156 738 2224 ἀναδιδάξω·
754 2155 799 2214 καί
813 2153 863 2235 γὸρ
904 2154 1033 2216 ἵπτασθαι
1053 2157 1082 2217 δέ
1102 2159 1132 2218 ού
1147 2157 1279 2218 δύνανται·
1293 2158 1362 2218 οῦτοι
1374 2159 1421 2218 καὶ
1437 2158 1469 2218 σύ
1486 2158 1568 2226 θέλεις
1581 2157 1629 2237 μέν
1644 2161 1692 2217 ἀν-

73 2269 92 2305 ιο
102 2249 135 2308 δτι
146 2245 297 2326 γαστρώδεις
311 2245 384 2324 ἔλεγε
396 2244 454 2312 τοὸς
472 2244 622 2326 ἀνθρώπους
636 2247 666 2302 ἐκ
685 2249 730 2302 τοῦ
750 2240 863 2301 πλούτου
904 2248 1002 2304 τειπεῖν
1014 2246 1059 2306 καὶ
1071 2245 1215 2328 πειράζεις,
1230 2245 1303 2305 οὐδέν
1315 2244 1343 2305 δέ
1355 2245 1450 2313 ἀνύεις.
1496 2241 1607 2312 Ἄλλως.
1623 2243 1691 2305 ἀλλδ
1705 2263 1732 2303 οε

102 2338 211 2416 γίνεσθαι,
223 2334 268 2392 καὶ
280 2337 402 2412 ἀσελγεῖς
414 2331 510 2412 ἀλεγεν·
522 2337 546 2392 οἱ
558 2333 728 2414 γὸρπλεῑστα
738 2327 864 2396 ἐσθίοντες
905 2335 1028 2412 φλυαρεῖς
1043 2331 1087 2391 διὸ
1101 2331 1206 2412 λόγων)
1219 2333 1250 2392 τὸ
1268 2335 1320 2416 γδιρ
1333 2331 1428 2414 πτερὸν
1442 2333 1544 2413 ἠχῶδες
1556 2333 1603 2391 καὶ
1616 2337 1691 2413 θορυ-

101 2425 137 2483 καί
143 2423 199 2504 πρὸς
206 2429 281 2481 τοῦτο
292 2419 521 2502 κατοίφοροίείσιν.
532 2459 567 2469 -
579 2419 748 2502 συμπεραίνω
760 2417 790 2476 τὸ
801 2419 865 2476 συλ-
906 2419 1021 2490 ὁητικὸν·
1035 2419 1052 2492 ἢ
1067 2427 1151 2503 κοῦφα
1160 2423 1256 2488 λαλεῖς·
1269 2420 1286 2493 ἢ
1300 2429 1498 2500 ματαιοπονεῖς,
1512 2421 1564 2479 ἀπὸ
1578 2445 1693 2502 μεταφο-

101 2513 231 2594 λογίζομαι,
243 2510 288 2591 ἀφ’
307 2501 340 2568 οῦ
353 2509 399 2568 καλ
414 2507 595 2588 συμπέρασμα
613 2505 687 2588 παρὸ
701 2505 863 2588 φιλοσόφοις,
906 2516 952 2588 ράς
970 2508 1046 2589 [τῶν]
1059 2509 1155 2590 ἀρνίων
1173 2513 1225 2569 τῶν
1245 2509 1284 2586 μὴ
1297 2509 1448 2586 δυναμένων
1462 2508 1587 2568 πέτεσθαι
1606 2507 1649 2568 δεδι
1663 2509 1693 2568 τὸ

102 2601 218 2660 τὸέκτιῗιν
231 2599 388 2680 προτιίσεων
403 2598 586 2676 συναγόμενον·
605 2593 698 2678 τὸγὸρ
712 2594 799 2678 κύριον
814 2593 864 2671 μέ-
907 2595 993 2676 βραχὺ
1016 2601 1063 2668 τῆς
1084 2596 1198 2668 ήλικίας.
1260 2593 1370 2663 Ἄλλως.
1396 2597 1453 2655 ἀντὶ
1477 2601 1538 2669 τοῦ,
1561 2597 1691 2676 πειράζεις

74 2700 92 2737 ⁵
103 2694 183 2770 φοςτυῦ
193 2689 368 2766 συλλογισμοῦ
383 2685 455 2746 οὐδέν
468 2689 538 2745 ἐστιν
548 2684 634 2766 ἕτερον
645 2683 711 2744 ἀλλο
724 2683 741 2756 ἢ
756 2681 786 2742 τὸ
798 2705 865 2762 συμ-
906 2683 1005 2752 πολλὸς
1018 2684 1158 2755 ἀνηνύτους
1173 2684 1269 2768 ὸρμδις,
1284 2684 1403 2765 καθάπερ
1423 2683 1469 2744 καί
1480 2688 1504 2743 αἱ
1518 2685 1616 2743 νεοττοί
1632 2708 1693 2742 πει·
1706 2698 1732 2737 ιο

102 2777 216 2856 κέρασμα.
230 2774 369 2852 σύγκειται
381 2772 458 2855 γδιρὸ
474 2772 689 2851 συλλογισμὸςέκ
703 2771 749 2832 δύο
762 2769 864 2854 προτιί·
907 2769 1024 2852 ράζοντες
1057 2771 1105 2845 τήν
1138 2771 1256 2856 πτέρυγα
1284 2767 1330 2852 καί
1355 2771 1530 2852 γυμνάζοντες
1558 2770 1693 2854 ἄπρακτον

103 2889 154 2926 σεειν
168 2864 210 2922 ml
230 2861 465 2943 συμπεράσματος·
487 2859 533 2921 καὶ
557 2859 613 2920 ἔστι
631 2861 662 2920 τὸ
684 2859 865 2942 συμπέρασμα
907 2858 997 2940 έχουσι
1015 2860 1063 2933 τλν
1082 2865 1129 2934 τῆς
1145 2868 1267 2934 πτήσεως
1280 2859 1371 2942 φυροίν.
1387 2893 1421 2902 -
1435 2864 1557 2942 φλυαρεῖς
1576 2880 1584 2920 :
1606 2861 1694 2922 Πολυ-

103 2951 212 3020 ἐτέδειξις
224 2957 271 3010 τοῦ
282 2948 444 3028 ζητουμένου
458 2948 651 3030 ἀναντίρρητος.
664 2959 732 3007 sunt.
747 2949 799 3022 ήδη
809 2947 865 3008 τοί·
906 2948 1024 3026 λυγίζεις.
1038 2961 1070 3011 Ρ.
1088 2951 1248 3031 πτερυγίζεις
1263 2970 1270 3010 :
1285 2949 1456 3019 Ματαιάζεες.
1471 2960 1563 3010 θ.1>ο.
1577 2948 1693 3008 ἀδύνατα

103 3043 240 3122 νιντερανιῦ
253 3058 262 3098 :
273 3037 398 3098 Ἀπὸτοῦ
411 3043 455 3096 νῦν
468 3035 605 3106 ἀποδείξει.
620 3051 665 3098 Dv.
680 3037 865 3116 συλλογίζομαι
906 3035 999 3114 λέγεις.
1021 3037 1133 3104 ἅπαντας
1148 3059 1155 3097 :
1168 3033 1258 3098 Ὀλοι.
1276 3049 1306 3096 Ρ.

75 3130 158 3204 11’θρῖα
173 3126 216 3210 Α]
947 3143 992 3184 ατε.
1017 3125 1130 3204 βελτίους
1142 3147 1149 3186 :
1161 3125 1275 3192 Καλούς.
1288 3124 1436 3206 σκέψασθαι
1450 3147 1457 3185 :
1471 3129 1581 3186 Μαθεῖν.
1592 3139 1639 3187 Dv.
1706 3149 1733 3188 ευ

132 3235 172 3272 εει.
184 3213 325 3290 κοσμούσης
337 3233 346 3273 t
358 3211 487 3286 Εύταξία,
497 3214 542 3272 καὶ
550 3213 684 3290 σεμνότης.
694 3225 725 3271 θ.
735 3224 783 3272 Dv.
794 3211 867 3295 ύῦρί-
948 3231 995 3271 επ.
1017 3213 1071 3271 ἀπὸ
1082 3216 1134 3272 τιῖιν
1149 3212 1250 3272 παίδοιν
1263 3233 1270 3273 :
1283 3212 1415 3293 Δυσχερές
1430 3215 1486 3272 ἐστι
1501 3215 1594 3293 μαθεῖν
1609 3213 1640 3274 τὸ
1654 3215 1693 3273 δι’-

102 3305 143 3369 ζειν
155 3321 161 3360 :
175 3301 277 3382 λίσγρὸ
290 3298 418 3384 προίει-ειν
433 3311 481 3361 Dv.
496 3299 527 3360 τὸ
542 3301 714 3379 ἀσελγαίνειν.
731 3313 762 3360 Ρ.
908 3321 992 3372 καιον,
1008 3299 1073 3359 ὅπου
1090 3325 1119 3377 γε
1138 3301 1184 3361 καλ
1200 3304 1224 3360 οδ
1243 3301 1335 3368 παῖδας
1353 3300 1396 3360 διδι
1411 3307 1488 3362 τοῦτο
1509 3307 1615 3381 μισοῦσι
1633 3301 1694 3371 τοὸς

132 3409 172 3448 ια.
190 3389 256 3448 πάνυ
267 3395 333 3468 γοῦν
347 3409 354 3450 :
367 3389 416 3454 Ἐν
429 3387 560 3470 είρωνείογ,
573 3387 631 3448 ἐπεί
646 3392 670 3447 οῖ
684 3387 793 3460 πένητες
807 3385 867 3446 κλῖ-
909 3386 1345 3470 πατέρας.-φρονοῦνταςάριστα
1359 3409 1366 3447 τ
1382 3391 1691 3458 Ποιυῦνταςκαλιῦςλὶο.
1728 3422 1739 3444 ι

101 3475 223 3535 πτωσιδιὸ
232 3475 280 3548 τήν
290 3476 463 3556 ἀπορίαν.-
472 3477 620 3556 εἰρωνικῶς.
642 3476 751 3552 κδσμιον
763 3496 770 3536 ;
784 3475 867 3556 Ὦφέ-
910 3475 1003 3556 ἄριστα
1017 3496 1023 3536 :
1037 3475 1178 3557 Ὠφελεμα.
1195 3487 1225 3538 Ρ.
1673 3480 1679 3494 ’

72 3575 90 3612 ²³
101 3565 170 3642 λιμοι.
183 3561 227 3624 θἰι.
243 3563 380 3632 εὔτακτον.
395 3577 425 3624 Ρ.
950 3585 997 3624 ατε.
1020 3565 1201 3642 διαγινώσκειν
1217 3589 1223 3626 :
1240 3565 1398 3648 Διακρίνειν.
1420 3577 1452 3625 Ρ.
1469 3566 1585 3626 σύναπτε
1606 3567 1637 3626 τὸ
1653 3567 1692 3626 δέ·
1706 3591 1732 3630 οε

131 3671 171 3712 εσσ.
190 3652 312 3732 πῦιςοῦχί
322 3651 432 3728 κόσμιον
444 3671 451 3711 :
461 3650 780 3734 (Τὸπιιρᾶσθαιλαθεῖν.)
793 3657 869 3712 τοῦτο
910 3675 984 3712 καιον
1001 3653 1119 3712 ἐνταῦθα.
1138 3667 1185 3715 θυ.
1201 3655 1318 3734 χαλεπὸν
1334 3675 1341 3714 :
1357 3653 1497 3735 Δυσχερές.
1514 3666 1546 3716 Ρ.
1564 3653 1664 3714 δίκαιον
1684 3677 1691 3715 ;

101 3739 236 3819 δὸὸέτερος
254 3737 407 3822 πρεσῦύτης
423 3738 554 3820 πειράζοεν
572 3737 644 3818 λέγει
663 3737 708 3798 καὶ
726 3739 868 3819 χλευάζων·
911 3738 952 3799 Τὸ
964 3739 996 3798 νὸι
1010 3739 1073 3821 εύρη
1087 3765 1126 3808 τις
1137 3739 1168 3800 τὸ
1182 3740 1292 3813 δίκαιον,
1305 3740 1432 3803 δύσκολόν
1445 3745 1501 3802 ἐστι
1514 3753 1638 3823 πρᾶγμα.
1653 3756 1681 3804 Ρ.

102 3825 157 3894 δέτι
168 3835 196 3887 τὸ
206 3827 320 3888 παλαιὸν
336 3831 365 3888 ού
378 3825 532 3899 διεάέὸλητο
542 3831 561 3900 ή
572 3827 675 3899 κλοπλ,
692 3831 714 3886 εἰ
730 3827 767 3906 μή
780 3852 868 3910 φωρα·
949 3849 996 3888 ιτυ.
1019 3827 1077 3911 [τὸν
1090 3829 1142 3892 Δία
1156 3828 1247 3912 φήσεις
1262 3851 1269 3888 :
1283 3827 1324 3890 Τὸ
1335 3828 1384 3906 μέν
1401 3829 1497 3912 φήσεις
1507 3829 1613 3909 λέγεται
1629 3831 1694 3912 πρὸς

101 3913 142 3981 θεῖς
158 3916 271 3976 κλέπτων
292 3921 422 3997 ὑπῆρχεν.
483 3913 606 3997 [Ἄλλως.
626 3913 651 3998 φῖ
667 3939 698 3993 γε
720 3921 734 3973 ὁ
756 3915 870 3988 κλέπτης
909 3911 957 3988 τήν
974 3914 1082 3978 Πενίαν.
1097 3917 1128 3974 τὸ
1143 3915 1188 3987 δέ,
1209 3914 1308 3987 ταύτην
1324 3915 1345 3976 δ’
1362 3921 1426 3994 ἡμῖν
1444 3917 1610 3997 ἀποπέμπει,
1629 3919 1694 4000 πρὸς

72 4009 92 4048 θ
101 4003 211 4062 λανθάνει·
223 4004 326 4086 ψυχρὸν
336 4003 364 4063 δέ
374 4003 404 4061 τὸ
416 4001 581 4086 ἐνθύμημα]
593 4039 632 4054 -
644 4003 697 4080 είγε
710 4003 750 4061 δεῖ
758 4005 847 4062 λαθεῖν
861 4025 868 4065 :
910 4001 954 4062 τὸν
969 4001 1145 4084 Βλεψίδημον.
1161 4003 1235 4074 ήκαῖ
1246 4004 1277 4064 τὸ
1288 4002 1379 4085 φήσεις
1390 4005 1507 4088 πρὸςτὸν
1516 4006 1694 4087 Βλεψίδημον,
1706 4035 1734 4072 ιο

102 4088 230 4150 ’λτίκειται
245 4097 283 4170 μὴ
296 4095 454 4171 γνωσῆναε.
470 4103 501 4154 Ρ.
514 4090 662 4154 ἀπόκειται.
676 4103 705 4150 Θ.
909 4089 999 4168 ήγουν,
1010 4090 1090 4158 εἴποις
1098 4090 1167 4150 κατδ
1179 4090 1222 4151 τὸν
1237 4093 1316 4163 αὐτῆς
1324 4091 1426 4174 λύγοι]
1439 4097 1579 4176 -ἀρθῶς;
1590 4097 1694 4158 ’Ama

133 4199 173 4239 εει.
192 4178 287 4261 σκέψαι
301 4200 309 4240 :
327 4177 445 4255 Λαγίζου.
463 4189 514 4239 Do.
529 4177 659 4246 ἐξέτασον.
674 4191 704 4240 Ρ.
717 4179 775 4246 τοὺς
791 4179 867 4258 ρήτο-
910 4201 987 4245 στως.
1000 4179 1158 4258 κρέειστουε
1174 4181 1324 4245 Αυσιτελές.
1342 4193 1374 4240 Ρ.
1391 4182 1469 4244 Τενέα
1481 4181 1549 4260 μετὰ
1561 4190 1608 4244 τοῦ
1622 4208 1635 4241 ν
1649 4184 1694 4243 τὸν

103 4287 139 4340 ρας
150 4285 157 4324 :
169 4266 232 4334 Τοὸς
243 4267 345 4348 ιιριτάς.
358 4271 394 4334 διε
409 4287 417 4326 t
430 4264 503 4328 Ὅτι.
516 4279 562 4326 Dc.
910 4267 1057 4348 κράτιστον.
1073 4279 1103 4328 R.

133 4373 174 4415 σοι.
194 4355 328 4436 περῖτὸνε
343 4353 451 4422 Είςτόν.
466 4365 512 4418 Du.
949 4375 997 4415 σου.
1019 4357 1135 4424 κάκεῖνος
1149 4377 1155 4416 :
1169 4355 1203 4417 ‘0
1214 4355 1290 4424 Ζεύς.
1303 4367 1336 4416 Ρ.

73 4451 92 4486 ‘⁵
133 4461 173 4500 ναι.
194 4443 304 4502 ἀπὸτιῗιν
314 4439 499 4504 κσινῦιντἈπὸ
508 4447 560 4502 τῶν
568 4441 702 4520 δημοσίων
713 4441 870 4522 χρημείτων.Ι
949 4461 997 4501 ενι.
1019 4443 1078 4501 ἀλλ’
1092 4433 1115 4504 ώ
1128 4447 1269 4524 Κρονικαῖς
1284 4445 1422 4525 γνώμαιςῑ
1437 4443 1556 4523 (um,
1569 4445 1693 4527 ἀρχαίαις
1705 4475 1733 4514 ες

104 4530 316 4609 θοαρσγμοίτων.
331 4542 360 4590 θ.
374 4544 404 4590 P.
910 4529 1019 4610 μυρίαις
1040 4529 1221 4608 ἐσκοτωμένοι
1240 4533 1271 4593 τὸ
1290 4542 1402 4616 φρονεῖν.
1425 4531 1555 4614 παροιμία
1574 4535 1606 4594 δέ
1623 4538 1693 4595 ἐστιν

134 4635 175 4676 οιο.
196 4617 409 4698 [ἐπιδουλεύουσί
426 4643 453 4677 τε
473 4639 480 4678 τ
500 4617 646 4681 Διαθάλλει
663 4617 723 4685 τοὺς
743 4617 868 4700 ῥήτορας,
910 4616 953 4675 ἐπὸ
969 4621 1022 4678 τῶν
1034 4615 1345 4694 ἀμάλυωκαέντοιν,ήτες
1356 4620 1457 4702 εἴρηται
1468 4620 1515 4680 καί
1525 4621 1553 4680 ἐν
1563 4621 1693 4701 Νεφέλαις

102 4703 399 4784 θςδιῖιρτλαμὸἀνυντες
416 4705 489 4786 παρὸ
503 4709 556 4764 τῶν
574 4703 708 4784 πολεμίων
728 4705 869 4788 ἀσύμφορα
909 4703 981 4788 [οεοψ.
1004 4703 1062 4763 ἀντί
1081 4704 1108 4764 δέ
1128 4713 1174 4766 τοῦ
1196 4706 1313 4785 γνώμαις
1331 4708 1461 4788 γράφεται
1479 4708 1596 4787 λήμαις.)
1616 4710 1692 4787 λήμη

103 4793 213 4871 ῖῇαολει
231 4793 461 4868 ουμῦουλεύουσιν,
484 4793 531 4852 οῦκ
551 4795 643 4860 ἐῶντες
663 4791 744 4864 αὐτὸν
763 4789 871 4862 τούτους
910 4794 924 4850 δ
954 4797 1010 4852 ἐστι
1024 4793 1180 4871 τὸπεπηγὸς
1192 4793 1389 4876 δσίιιριιον,δοιερ
1405 4795 1619 4874 ἐπικαθεζύμενον
1630 4797 1693 4877 βλέ-

73 4891 93 4929 εο
104 4878 260 4964 ἀμύνασθαι]
280 4915 316 4928 -·
333 4881 529 4942 ἐπιθουλεύουσι
549 4901 556 4939 :
577 4875 678 4958 Ἤγουν
699 4883 786 4945 κακῶς
809 4884 868 4958 βου·
909 4791 1040 5028 αῖχιτοὸς
1050 4881 1208 4961 ὀφθαλμούς.
1221 4885 1306 4960 (τοῦτο
1317 4883 1345 4945 δὸ
1357 4881 1404 4950 διὸ,
1411 4883 1443 4942 τὸ
1456 4873 1523 4943 εῖναι
1542 4882 1635 4953 αύτούς
1648 4884 1693 4964 γέ·
1706 4911 1732 4951 σο

103 4968 212 5030 λεύσσειν.
236 4983 281 5031 Du.
302 4969 436 5031 ἐπίθουλοι
453 4969 577 5049 γίνονται.
599 4970 758 5046 πολεμοῦσιν
779 4989 785 5028 :
806 4967 868 5028 Μαί·
910 4993 941 5050 ρο
971 4965 1001 5036 ἀς
1021 4992 1094 5052 φησι.
1117 4968 1147 5028 τὸ
1160 4969 1211 5049 γὸρ
1225 4975 1277 5029 τῶν
1297 4969 1424 5051 γερόντων
1445 4971 1556 5052 διίκφυον
1575 4971 1650 5053 παχύ
1663 4971 1700 5032 δν,

103 5076 189 5133 χαιτσε.
205 5071 234 5117 Ρ.
908 5055 996 5134 λήμας
1012 5056 1129 5134 μεγάλας
1147 5061 1236 5136 ποιεῖ.)
1252 5057 1376 5136 σημαίνει
1393 5050 1438 5117 οῦν
1453 5056 1484 5118 τὸ
1500 5058 1692 5140 τετυφλωμένου

137 5163 180 5205 οτι.
199 5146 294 5228 καίπερ
306 5145 404 5229 σφόδρα
417 5167 425 5208 :
437 5149 559 5212 Συναενεῖ
570 5142 788 5227 διισχυριζόμενος
800 5143 868 5203 κατδι
909 5141 955 5211 τὸς
966 5143 1073 5226 φρένας,
1088 5143 1178 5226 ώσπερ
1196 5149 1220 5204 ot
1238 5145 1285 5214 τὸς
1296 5145 1383 5224 λήμας
1404 5145 1507 5226 ἔχοντες
1524 5149 1576 5206 τῶν
1595 5149 1691 5226 ὀφθαλ-

106 5231 130 5287 τὸ
144 5237 190 5290 τῖον
207 5235 323 5315 ῥητόρων
341 5239 448 5315 σχῆμα,
462 5231 591 5316 διασύρων
608 5231 699 5302 αιἰτήν.
721 5231 751 5290 τὸ
775 5231 801 5289 δέ
817 5229 868 5310 βοί-
911 5235 967 5308 μῶν
982 5230 1164 5310 ἐμποδίζονται
1182 5231 1229 5300 τὸς
1245 5232 1323 5313 ὄψεις.
1338 5262 1368 5272 ·-
1384 5236 1522 5316 Κρονικαῖς
1535 5254 1543 5292 t
1558 5235 1692 5300 Παλαιιιῖς
