4100 6109
341 444 396 500 ιιι.
921 413 1112 497 §enom
1140 435 1184 494 ιιι
1213 435 1365 498 musas,

341 569 367 626 ι’·
382 559 440 627 εἰτκ
455 569 489 627 ια’
504 568 552 642 ιδ’,
568 569 643 650 τρίτη
657 568 701 627 ἰπὶ
720 569 799 640 δέκα,
815 565 928 649 τετάρτη
941 565 1062 626 ἰπίδέκα
1077 564 1125 634 έως
1164 567 1258 647 χρέους
1275 568 1485 636 καταύάλλοντες
1506 579 1559 638 τοῖς
1579 573 1736 651 πρυτάνεσιν
1759 577 1869 652 εἰσῆγον
1914 579 1943 637 λς

339 657 449 724 εἰκάδος.
460 648 517 716 εἶτα
524 657 557 730 ἣν
564 663 640 735 ἡμεῖς
649 657 741 715 εἰκάδα
748 654 866 736 πρώτην,
874 655 987 727 δεκάτην
995 654 1127 737 ρθίνοκτος
1167 655 1310 737 χρεώστας.
1321 659 1473 738 (πρυτανεῖα
1487 658 1514 717 δέ
1526 657 1560 716 τά
1574 665 1618 718 νῦν
1632 661 1782 734 καλούμενα
1797 660 1873 743 παρδι
1887 660 1908 721 ‘l
1919 697 1944 718 ,ν

341 745 415 805 αύτοί
425 768 514 826 ρασιν,
525 735 582 804 εἶτα
602 743 696 815 ἐνάτην
707 743 756 811 ἕως
771 743 831 816 ένης
846 767 875 802 τε
888 742 935 802 καί
945 743 1013 809 νέας.
1075 740 1126 814 τήν
1168 741 1255 820 μαίοις
1268 743 1436 824 σπόρτουλα,)

340 833 463 916 δευτέραν
472 833 565 892 εἰκάδα
575 832 620 893 καί
629 832 724 905 ἐνάτην
739 832 1005 914 ρθίνοντοςἈθηναῖοι
1014 830 1124 891 ἐκάλουν
1209 850 1269 890 ινιτ.
1290 831 1376 910 ὀλίγον
1389 831 1440 913 γάρ
1457 855 1500 910 μοι
1517 832 1592 909 μέλει
1606 853 1613 894 :
1628 833 1697 894 Ἀντί
1710 839 1769 908 τοῦ,
1787 835 1846 894 ούδέ
1864 835 1943 914 ὀλίγον

313 923 385 983 οκαί
399 921 447 993 τήν
463 920 553 1003 τρίτην
574 921 667 998 ὀγδόην
680 921 726 980 καὶ
744 919 793 993 τδν
805 918 935 1002 τετάρτην
948 917 1064 997 έύδόμην
1079 915 1125 977 καί
1167 918 1295 999 φροντίζω
1305 919 1397 978 λοιπθν
1420 925 1472 980 τῶν
1491 923 1631 980 δανειστῶν
1655 921 1698 980 διδι
1719 923 1751 982 τίν
1769 923 1964 1000 μεμαθηκέντις

339 1009 387 1080 τήν
404 1008 529 1088 πέμπτην
548 1009 627 1080 έκτην
645 1009 691 1068 καί
708 1007 757 1081 τήν
771 1010 850 1080 ἰκτην
869 1006 994 1086 πέμπτην
1013 1005 1124 1077 κοίτην
1168 1005 1269 1078 δηλαδή
1283 1007 1327 1066 τὸν
1346 1009 1400 1068 υίόν
1416 1007 1461 1068 τὸν
1479 1009 1552 1081 ἥττω
1565 1009 1651 1088 λόγον,
1672 1003 1694 1091 ᾧ
1713 1011 1881 1090 περιεγένετο
1898 1017 1943 1069 τῶν

340 1096 455 1174 έδδόμην
468 1096 595 1178 τετάρτην
609 1099 655 1156 καί
668 1096 715 1167 τήν
730 1095 824 1175 ὀγδόην
838 1095 929 1177 τρίτην
942 1095 988 1154 καί
1001 1093 1049 1167 τήν
1065 1091 1126 1152 ἐνά-
1168 1092 1256 1152 δίκαια
1270 1095 1408 1174 λεγόντοιν.
1427 1131 1466 1142 -
1487 1096 1645 1166 δικαζέσθων
1661 1117 1668 1159 :
1691 1099 1760 1159 Ἀντί
1777 1106 1825 1160 τοῦ
1845 1103 1943 1169 δικαζέ-

339 1210 387 1257 την
401 1185 493 1244 εἰκάδα
504 1186 576 1244 δευτέ
594 1209 625 1243 αν
637 1185 782 1267 ρθίνονεος,
794 1175 850 1243 εἶτα
862 1183 910 1254 τήν
921 1183 1052 1265 τριακάδα
1064 1179 1124 1253 ένην
1167 1186 1270 1241 σθιοοαν
1282 1182 1351 1242 κατὰ
1363 1183 1510 1256 ἀποκοπήν.
1527 1197 1590 1244 Vici.

339 1296 368 1330 τε
383 1273 429 1332 καί
443 1272 514 1342 νέαν,
535 1207 595 1353 ἰνζ
615 1275 639 1332 οἱ
657 1271 730 1332 τόκοι
748 1276 904 1351 ἀπητυῦντο.
917 1281 977 1330 RN.
997 1269 1059 1352 [τάς
1077 1268 1124 1348 μέν
1210 1289 1269 1330 Ιιιο.
1285 1270 1336 1349 ἠμί
1351 1291 1359 1332 2
1372 1272 1464 1350 Φημί,
1479 1271 1577 1351 ἀνίημι.
1598 1283 1660 1332 vict.

302 1379 327 1416 ιο
341 1361 394 1419 ἀπὸ
407 1360 547 1440 νουμηνίας
563 1360 659 1439 ὁμοίως
679 1366 754 1438 ἡμῖν,
768 1359 886 1438 λέγοντες
904 1358 997 1442 πρώτη
1012 1357 1123 1435 ίσταμί-
1210 1377 1269 1418 ιιιο.
1287 1363 1390 1441 πρώτον
1408 1359 1475 1420 λαθέ
1490 1381 1496 1420 :
1514 1360 1638 1423 Θύλακον
1652 1363 1724 1443 αὐτῷ
1738 1361 1889 1422 ἐπιδίδωσιν
1901 1367 1942 1422 ἀλ-
1956 1391 1973 1426 ιι

340 1473 398 1521 νου,
407 1448 514 1530 δευτέρα
521 1448 762 1529 ίσταμένου,με’χρι
769 1451 820 1507 τῶν
830 1445 902 1508 δίκα·
911 1447 968 1523 μεθ’
974 1446 1007 1516 ἣν
1016 1445 1124 1528 πρώτην
1167 1443 1257 1524 ρίτων.
1267 1447 1313 1506 καί
1323 1447 1374 1528 γάρ
1389 1447 1444 1506 ἀνω
1457 1457 1516 1522 [σου]
1530 1440 1586 1508 εἰπε

341 1537 384 1596 ε’πὶ
397 1536 474 1610 δέκα,
489 1528 545 1595 εἶτα
564 1536 686 1616 δευτέραν
700 1536 745 1595 ἐπί
756 1535 829 1596 δέκα.
841 1536 887 1594 καὶ
904 1535 961 1608 ἑξῆς
973 1535 1036 1614 ἀχρι
1053 1535 1124 1593 εἰκο-

341 1629 413 1696 στῆς·
425 1631 443 1696 ἡ
453 1625 521 1697 αἰτή
531 1621 558 1684 δέ
570 1623 616 1683 καί
628 1624 706 1691 εἰκάς·
718 1623 774 1700 μεθ’
786 1624 819 1696 δν
826 1623 967 1696 ἑνδεκάτην
979 1622 1124 1697 φθίνοντος,

340 1712 492 1785 ήδεκάιην,
507 1711 673 1789 ήένάτην,ή
689 1711 792 1788 ὀγδόην,
803 1716 840 1780 ώς
853 1712 943 1790 ἔτυχεν
955 1711 1023 1791 έχων
1035 1713 1049 1768 δ
1062 1709 1124 1787 μήν·
1168 1705 1283 1790 [τουτονί
1301 1731 1309 1771 t
1325 1710 1378 1771 Τὸν
1398 1711 1524 1786 θύλακον,
1543 1711 1570 1780 ὀς
1588 1715 1645 1773 ἐστι
1666 1713 1762 1791 μεστδς
1780 1715 1904 1796 ἀλρίτων.
1919 1729 1941 1776 ι’.

304 1821 327 1860 ιε
341 1800 387 1859 καί
399 1800 456 1874 ἑξῆς
470 1799 607 1859 ἀναλύοντι
620 1800 684 1880 ἀχρι
699 1798 829 1880 δευτέρας.
846 1798 916 1858 οὕτω
928 1795 980 1880 γδρ
994 1798 1124 1869 Ἀθηναῖοι
1166 1795 1210 1855 τὸν
1222 1799 1382 1858 πλακοῦντα.
1396 1800 1443 1881 [λδ

341 1886 476 1969 ἠρίθμεον,
491 1890 520 1947 ού
536 1885 728 1968 προστιθέντες,
744 1885 803 1944 ἀλλ’
817 1888 985 1968 ἀφαιροῦντες
999 1884 1045 1943 καί
1060 1885 1123 1942 οἰνα-
1209 1905 1268 1946 ιιοτ.
1291 1888 1477 1965 ἐπιθαυμάζειν
1490 1910 1498 1948 :
1511 1888 1579 1950 ’Ἀντί
1589 1894 1634 1948 τοῦ
1647 1889 1736 1969 δώροις
1747 1901 1838 1969 τιμᾶν.
1851 1904 1879 1951 R.
1890 1899 1941 1953 θον·
1954 1930 1971 1967 1⁵

341 1975 446 2044 λύοντες
460 1975 539 2054 μέχρι
552 1973 703 2056 τριακάδος,
718 1972 836 2041 Σόλωνος
854 1972 1041 2052 ἡγησαμένου,
1059 1970 1124 2054 πρὸς
1167 1977 1273 2048 μαστῶς
1285 1983 1365 2051 τιμᾶν
1380 1975 1426 2034 καὶ
1440 1975 1593 2044 δεξιοῦσθαι.
1612 1989 1691 2048 sunt..
1703 1991 1749 2038 δι’.
1776 1980 1916 2058 θαυμάζειν
1933 2005 1939 2041 :

340 2062 375 2123 τά
388 2068 434 2134 τῆς
448 2062 558 2136 σελήνης
571 2065 646 2144 ρῶτα
662 2061 730 2120 οθτω
742 2059 893 2138 μειούμενα;
910 2061 979 2137 μετὰ
993 2057 1022 2118 δέ
1036 2057 1124 2118 διυτέ·
1167 2061 1336 2137 Θαυμασαῦς
1350 2071 1429 2140 τιμᾶν
1443 2063 1488 2122 καὶ
1500 2063 1643 2132 ἀξιοῦσθαι.
1665 2077 1726 2124 Vict.

343 2175 389 2233 ραν
408 2150 499 2211 ἀκτέον
514 2151 583 2222 ένην,
600 2147 720 2210 τουτέστι
740 2147 789 2220 τήν
806 2147 959 2207 τελευταίαν
979 2153 1026 2207 τοῦ
1045 2145 1125 2226 μηνδς
1209 2167 1268 2208 mo.
1291 2148 1395 2230 (ἀρτίως
1413 2151 1499 2211 ε’ῡτι
1517 2153 1632 2233 διαρέρει
1651 2153 1682 2212 τὸ
1707 2153 1768 2234 ἀρτι
1790 2161 1836 2214 τοῦ
1856 2157 1942 2237 ἀρτίως

301 2266 329 2305 20
342 2239 453 2320 ἡμέραν.
512 2235 879 2317 Ἀλλως.πέμπτη,τετράςε
894 2238 924 2295 ού
937 2233 1081 2315 προσέθηκε
1095 2231 1125 2292 τδ
1166 2234 1384 2316 παρδἈττικοῖς.
1400 2237 1459 2319 ἀρτι
1476 2239 1523 2317 μὲν
1540 2238 1591 2322 γάρ
1606 2239 1664 2299 ἀντὶ
1677 2246 1723 2300 τοῦ
1737 2247 1793 2316 νῦν,
1815 2243 1903 2324 ἀρτίως
1917 2247 1940 2304 δὲ

341 2326 479 2410 φθίνοντος.
498 2323 567 2388 οὕτω
577 2323 638 2406 γδρ,
652 2325 740 2408 ρασίν,
756 2325 887 2395 Ἀθηναῖοι
906 2330 1053 2406 μετροῦσιν·
1073 2321 1125 2382 ἀπὸ
1168 2322 1225 2381 ἀντὶ
1235 2329 1281 2382 τοῦ
1295 2323 1346 2406 πρδ
1360 2323 1466 2405 ὀλίγου.)
1951 2365 1971 2402 z]

263 2453 269 2463 ·
342 2416 447 2498 πρώτης
464 2415 513 2484 ἕως
533 2413 653 2496 δευτέρας
668 2411 837 2494 προστιθέασι
851 2412 882 2472 τὸ
898 2411 1050 2490 ἱσταμένου·
1072 2410 1125 2470 ἀπό
1208 2431 1269 2472 Ιιτυ.
1292 2410 1434 2494 [Ἀπαιόλη
1453 2435 1460 2476 :
1483 2414 1625 2475 Πίπλακεν
1640 2417 1724 2494 ὄνομα
1743 2417 1876 2494 δαίμονος,
1890 2443 1940 2478 σω-

341 2503 557 2585 τρισκαιδεκάτης
572 2501 620 2569 ἰως
632 2499 862 2571 ἐννεακαιδεκάτης
874 2499 905 2559 τό
918 2502 961 2558 ἐπί
977 2499 1051 2560 δέκα.
1068 2491 1125 2560 εἰτα
1168 2499 1349 2575 ματοποιήσας
1361 2499 1452 2574 αὐτήν,
1465 2500 1538 2584 παρά
1551 2503 1581 2562 τὸ
1595 2505 1732 2563 ἀπαιολεῖν
1750 2507 1798 2564 καὶ
1812 2516 1887 2566 κινεῖν
1898 2509 1940 2566 καί

342 2599 359 2665 ἡ
375 2593 477 2670 μεγάλη
498 2590 578 2658 εἰκάς.
600 2587 653 2648 ὀπό
673 2591 791 2658 εἰκοστῆς
809 2587 916 2669 πρώτης
936 2586 985 2654 έιος
1006 2591 1125 2660 εἰκοστῆς
1167 2589 1275 2666 οτιρεῖν·
1287 2586 1305 2658 ή
1319 2611 1377 2648 τινα
1394 2589 1528 2662 τοιαύτην,
1543 2593 1578 2658 ιίνς
1596 2589 1627 2649 δν
1642 2591 1710 2650 εἰποι
1727 2615 1780 2664 τις,
1798 2583 1935 2656 ώἈδικίο.

303 2711 329 2749 π
343 2683 436 2754 ἐνάτης
451 2681 482 2740 τὸ
497 2678 641 2762 φθίνοντος,
656 2675 705 2750 τήν
720 2675 751 2736 δί
766 2675 933 2758 τριακοστήν,
954 2674 1013 2747 ένην
1033 2699 1061 2735 τε
1079 2677 1125 2736 καί
1168 2671 1352 2757 Ἀριστοφάνης
1363 2675 1532 2748 δέόξύνεοθαί
1542 2701 1606 2758 ρησι
1616 2678 1664 2752 τήν
1678 2680 1805 2760 ἐσχάτην,
1814 2681 1937 2755 Ἀπαιολή.

342 2772 413 2843 νέαν,
427 2769 484 2828 ἐπεὶ
496 2765 602 2847 μετέχει
612 2770 657 2824 τοῦ
667 2787 697 2824 τε
707 2766 823 2824 παλαιοῦ
837 2763 883 2822 καί
897 2769 945 2824 τοῦ
957 2763 1016 2823 νέου
1031 2764 1123 2846 ρωτός.
1167 2759 1197 2819 τό
1208 2759 1236 2820 δέ
1249 2761 1318 2822 ὥστε
1332 2764 1396 2845 πρὸς
1409 2763 1439 2824 τδ
1456 2764 1602 2843 μεμάθηκε.
1617 2766 1648 2825 τὸ
1664 2767 1716 2850 γδρ
1729 2757 1752 2824 ώ
1766 2769 1937 2847 παμύασίλεια
1949 2801 1968 2836 -π

342 2857 437 2919 ταυτὸν
459 2856 487 2917 δέ
508 2854 554 2916 καί
574 2852 749 2934 Δημητριάδα
767 2850 990 2932 προσηγόρευσαν.
1011 2851 1060 2924 τήν
1080 2845 1124 2912 σύν
1168 2847 1210 2907 διδ
1225 2849 1331 2932 μέσου]
1345 2851 1529 2933 ἀποστέρησις.
1543 2864 1570 2911 R.

342 2946 462 3018 εἰκοστήν
476 2942 597 3024 δευτέραν
610 2940 720 3001 ἐκάλουν
735 2939 828 3010 ἐνάτην
843 2939 981 3021 φθίνοντος·
992 2939 1041 3013 τήν
1056 2943 1124 3000 είκο-
1208 2957 1267 2998 ιιοο.
1289 2941 1501 3020 ἐρωτηματικῶς.
1517 2953 1545 2999 Β.

343 3036 406 3108 οπὴν
431 3034 522 3114 τρίτην
541 3031 644 3111 ὀγδόην·
666 3029 714 3101 τήν
737 3028 858 3100 εἰκοστήν
878 3028 1006 3110 τετάρτην
1025 3030 1057 3099 ζ’·
1076 3029 1124 3101 τήν
1208 3045 1269 3085 τισι.
1292 3025 1403 3106 βοάσομ’
1421 3025 1473 3107 ἀρα
1490 3027 1616 3108 εήΔιπλῆ
1633 3027 1678 3087 καί
1697 3027 1807 3097 εἰσθεσις
1821 3031 1855 3096 είς
1869 3029 1937 3108 μέλὀς

302 3157 329 3195 πο
342 3123 462 3196 εἰκοστήν
475 3122 599 3200 πέμπτην
611 3119 645 3186 ς’·
657 3116 706 3190 τὴν
718 3116 836 3188 εἰκοστήν
854 3115 933 3188 ἰκτην
947 3117 978 3176 ε’·
991 3116 1040 3189 τήν
1056 3119 1124 3178 εἰκο-
1167 3112 1306 3189 ἀμοιύαῖον
1319 3117 1371 3171 τῶν
1389 3117 1535 3194 ῦποκριτῶν
1548 3115 1731 3183 εἰκοσάκωλος.
1744 3117 1776 3176 τθ
1788 3115 1834 3196 μίν
1845 3123 1937 3198 πρῶτον

342 3215 406 3285 σιήν
420 3210 535 3288 έύδόμην
547 3209 579 3267 δ’·
594 3205 643 3279 τήν
656 3204 776 3277 εἰκοστήν
787 3205 880 3285 ὀγδόην
896 3206 929 3284 γ’·
941 3203 989 3276 τήν
1003 3205 1124 3278 εἰκοστήν
1165 3198 1191 3267 ἐξ
1203 3200 1330 3277 ἰαμύικής
1346 3199 1458 3280 βάσεως,
1475 3204 1527 3259 τῶν
1540 3200 1591 3283 ἀρα
1606 3201 1652 3262 δύο
1667 3207 1800 3283 βραχειῶν
1816 3204 1871 3263 ἀντὶ
1883 3215 1937 3282 μιᾶς
1948 3232 1968 3270 π]

342 3304 435 3375 ζνάτης
457 3301 493 3381 β’·
512 3289 570 3358 εἶτα
588 3294 636 3368 τὴν
649 3291 807 3374 τριακοστὴν
823 3292 883 3365 ἕνην
902 3316 931 3351 τε
949 3292 995 3351 καί
1009 3293 1080 3366 νέαν,
1097 3299 1124 3354 ἐν
1167 3297 1270 3368 μακρᾶς
1283 3288 1467 3366 λογιζομένων,
1479 3289 1676 3370 καίτροχαίκοῦ
1690 3295 1937 3373 πενθημιμεροῦς.τό

340 3384 359 3463 ή
371 3393 395 3450 οί
408 3387 480 3448 τόκοι
491 3390 652 3466 ἀπητοῦντο,
666 3381 723 3441 ἐπεὶ
734 3383 760 3440 ἐν
775 3381 842 3459 αύτῇ
858 3382 1020 3440 συντελεῖται
1031 3386 1045 3440 δ
1060 3381 1123 3459 μὴν,
1166 3375 1284 3456 δεύτερον
1298 3375 1325 3444 ἐξ
1339 3375 1465 3455 ἰαμύικῆς
1477 3377 1579 3456 βάσεως
1590 3376 1635 3435 καί
1647 3385 1791 3459 τροχαῐκοῦ
1804 3383 1936 3461 έρθημιμι-

341 3458 387 3539 ,αὶ
404 3474 489 3558 &mv
511 3473 567 3554 ἔχει
589 3475 633 3530 τοῦ
652 3469 741 3549 ἐτέρου
759 3467 841 3546 μηνὸς
860 3472 906 3539 τῆς
922 3467 1040 3541 σελήνης.
1055 3468 1124 3530 ὥστε
1167 3471 1234 3546 ροῦς.
1248 3463 1282 3522 τδι
1301 3462 1328 3523 δέ
1344 3463 1401 3535 ἑξῆς
1419 3463 1465 3523 δύο
1484 3463 1598 3542 ἰαμύικδι
1615 3465 1743 3548 τρίμετρα
1765 3467 1934 3539 ἀκατάληκτα.

302 3574 358 3639 ,πὴ
378 3566 425 3644 μέν
444 3561 549 3634 εἰκοστή
563 3559 626 3632 έκτη
640 3556 703 3640 παρ’
722 3559 809 3623 αὐτοῖς
822 3556 931 3635 πέμπτη
946 3557 1049 3632 ἀκούει,
1063 3563 1080 3630 ή
1096 3561 1123 3619 δὲ
1167 3553 1224 3630 μεθ’
1238 3551 1255 3610 δ
1269 3551 1412 3611 δακτυλικά
1426 3556 1610 3633 πενθημιμερῆ
1624 3552 1694 3632 τρία.
1710 3555 1741 3613 τθ
1750 3555 1841 3635 ὄγδοον
1852 3555 1877 3624 ἐξ
1889 3555 1934 3615 Ἴον

341 3652 444 3726 εἰκοστή
459 3651 559 3728 έύδόμη
570 3644 662 3728 τετρδς
673 3643 805 3725 λέγεται]
1166 3646 1237 3700 νικοῦ
1252 3639 1306 3698 ἀπὸ
1321 3640 1435 3718 μείζονος
1448 3639 1493 3698 καί
1509 3639 1612 3722 χορείου
1626 3641 1756 3722 δίμετρον.
1776 3641 1807 3702 τὸ
1820 3641 1904 3702 ἔνατον
1914 3643 1934 3711 ἐξ
1946 3681 1967 3718 3,

384 3763 444 3803 ιιοι.
467 3741 512 3811 ἔνη
533 3737 579 3797 καί
598 3735 645 3794 νέα
661 3753 668 3794 :
684 3732 765 3793 Ούτω
778 3731 842 3812 παρ’
860 3730 1004 3804 Ἀθηναίοις
1024 3738 1041 3805 ή
1060 3734 1124 3818 παρ’
1165 3728 1304 3810 ἐπιτρίτων
1317 3726 1412 3808 τρίτων
1431 3727 1552 3809 δίμετρον
1565 3729 1810 3810 ῦπερκατάληκτον.
1823 3731 1852 3789 τὸ
1870 3731 1933 3790 δέκα·

342 3837 406 3910 ἡμῖν
418 3825 571 3911 πριαχᾶς,ή
589 3820 723 3901 νεομηνία·
739 3817 829 3892 ἐπειδὴ
846 3819 985 3898 συμόαίνει
995 3823 1022 3880 ἰν
1034 3824 1124 3891 αὐτοῖς
1165 3839 1209 3875 τον
1220 3819 1250 3874 ἐκ
1264 3813 1413 3897 διτροχαίου
1428 3816 1472 3874 καί
1485 3814 1679 3889 ἀντισπάστου,
1692 3817 1743 3877 εἴτε
1759 3819 1887 3900 ἐπιτρίτου
1901 3843 1934 3878 τε·

342 3921 387 3980 καί
404 3918 493 3996 λήγειν
505 3913 553 3986 τήν
565 3912 676 3983 σελήνην
687 3909 733 3969 καί
744 3913 891 3987 γεννᾶσθαι.
904 3907 1003 3968 τότεδέ
1019 3907 1057 3988 μὴ
1072 3935 1123 3970 ππ.
1164 3902 1260 3984 τάρτου
1275 3902 1319 3962 καί
1332 3902 1464 3981 διιάμύου.
1479 3901 1512 3961 τδ
1529 3901 1586 3975 έζῆς
1600 3903 1646 3964 δύο
1660 3903 1824 3986 χοριαμῦικδ
1838 3907 1934 3987 δίμετρα

303 4036 329 4075 00
342 4009 410 4089 χέως
425 4001 596 4067 ἀποδιδόντας
611 3997 670 4066 τούς
684 3997 775 4063 τόκους
792 3995 810 4068 ἢ
831 3994 864 4054 τὰ
881 3995 970 4056 δάνεια
990 3997 1122 4076 ἀπῄτουν,
1167 3991 1416 4073 βραχυκατάληκτα.
1430 3989 1460 4049 τδ
1471 3991 1685 4072 τρισκαιδέκατον
1700 3995 1731 4052 ἐκ
1742 3993 1886 4076 χοριάμύου
1896 3995 1933 4053 κοί

342 4102 377 4164 ὡς
385 4093 534 4176 ηπερώρους
543 4085 702 4168 γενομένους.
711 4085 750 4144 διδ
761 4083 901 4143 λυπεῖσθαί
909 4107 987 4164 φησιν
999 4087 1065 4165 δρῶν
1076 4087 1124 4144 ἐνι·
1164 4078 1309 4139 σπονδείου.
1333 4078 1363 4136 τὸ
1385 4078 1416 4137 ιδ’
1441 4077 1601 4152 σπονδέιακὴ
1625 4084 1796 4141 ταυτοποδία.
1818 4081 1891 4140 τθιε’
1908 4085 1932 4140 ἰκ
1945 4115 1966 4152 η,

342 4182 474 4254 ,ταώ-,γη
486 4179 545 4251 ἕνην
557 4175 603 4236 χαὶ
617 4174 689 4236 νέαν,
703 4172 813 4248 πέμπτη
835 4171 863 4230 δὲ
875 4171 942 4245 αὕτη
957 4172 1013 4231 ἐστὶ
1025 4173 1049 4240 ς’
1063 4173 1122 4256 φθί-
1164 4165 1278 4234 παίωνος
1300 4165 1424 4248 τετάρτου
1446 4165 1492 4224 καὶ
1516 4165 1624 4244 ἰάμύου.
1650 4159 1688 4226 τὸ’
1703 4169 1737 4237 ις’
1758 4169 1931 4227 ἀναπαιστικόν

341 4243 517 4359 „off-[8³17]
535 4263 581 4325 χαί
598 4261 660 4336 νέα,
687 4258 863 4336 ἡνουμηνία.
883 4258 925 4318 διδ
953 4257 1001 4337 μὲν
1023 4251 1068 4318 οὖν
1093 4261 1123 4320 τὸ
1166 4253 1284 4336 δίμετρον
1296 4253 1489 4325 ἀκατάληκτον.
1502 4253 1533 4312 τδ
1546 4255 1577 4324 ιζ’
1587 4255 1742 4315 δακτυλικδν
1753 4256 1869 4337 δίμετρον
1880 4260 1931 4315 ἀκα-

321 4361 479 4441 ’παρελθεῖν
500 4355 545 4414 τὸ,
572 4355 658 4431 μῆνα,
685 4347 744 4420 ἴση,
762 4345 805 4405 διὰ
825 4345 853 4405 δὲ
874 4346 922 4417 τὴν
952 4345 1048 4428 ἀρχὴν,
1066 4351 1121 4409 νέα,
1165 4343 1304 4414 τάληκτον.
1321 4341 1350 4400 τό
1366 4343 1400 4414 ιη’
1415 4340 1504 4418 ὀμοιον
1514 4345 1552 4422 τῷ
1563 4343 1603 4402 ιε’.
1616 4341 1650 4402 τδι
1662 4342 1720 4416 ἑξῆς
1730 4346 1807 4416 δῆλα.
1822 4343 1932 4416 ζητητέον

301 4473 328 4511 4³
341 4447 449 4512 Ἄλλως,
463 4437 641 4516 ἡχαλουμένη
653 4433 795 4514 νουμηνία,
807 4431 850 4492 διδ
861 4433 891 4492 τὸ
904 4438 950 4493 τοῦ
963 4434 1011 4512 μέν
1022 4438 1121 4515 παρελ-
1165 4429 1192 4489 δέ
1206 4429 1266 4511 περὶ
1284 4429 1389 4488 πάντων
1412 4429 1623 4510 ἀκριύέστερον.]
1643 4429 1716 4510 παρὰ
1734 4429 1768 4490 τά
1787 4435 1815 4490 ἐκ
1835 4431 1931 4503 Πηλέως

341 4534 428 4600 δόντος
442 4530 523 4610 μηνδς
543 4519 609 4586 εἰναι
628 4522 712 4597 τέλος,
732 4520 817 4604 ἀρχὴν
832 4519 860 4580 δέ
876 4527 921 4580 τοῦ
943 4523 1120 4598 ἐνισταμένου.
1167 4516 1320 4598 Εὐριπίδου.
1336 4515 1451 4596 ἰπιρέρει
1465 4514 1516 4598 γάρ
1941 4549 1963 4585 ,π

1275 1589 1422 1652 διαλφιτώσω
1433 1607 1477 1640 σου
1486 1590 1565 1655 κύκλῳ
1576 1592 1619 1650 τήν
1627 1591 1754 1656 κάρδοπον.

342 4619 389 4688 τδς
401 4620 429 4680 δέ
441 4618 581 4700 τριάκοντα
595 4612 695 4694 ἡμέρας
705 4616 752 4684 τῆς
764 4609 874 4682 σελήνης
887 4611 924 4676 εἰς
933 4613 1001 4690 τρεῖς
1012 4609 1123 4678 δεκάδας
1257 4649 1300 4708 ,ὼγ
1311 4647 1421 4697 πύλαισιν
1432 4648 1448 4707 ἡ
1459 4663 1493 4704 ft<
1502 4647 1527 4698 χ
1538 4647 1632 4712 δόμοις

343 4711 471 4780 Ἀθηναῖοι
489 4708 625 4785 διαιροῦσι·
648 4700 694 4760 καί
714 4700 762 4771 τὴν
788 4694 836 4776 μέν
855 4695 962 4779 πρώτην
988 4701 1023 4765 ὡς
1047 4703 1123 4776 ἡμεῖς

342 4799 563 4876 ἀπαριθμοῦνται,
587 4787 635 4861 την
652 4789 680 4847 δέ
704 4784 828 4866 δευτέραν
848 4785 938 4852 οὕτως·
964 4784 1057 4866 πρώτη
1079 4785 1121 4845 ἐπί

303 4910 330 4949 ιο
343 4883 420 4956 δέκα,
434 4879 541 4961 δευτέρα
559 4878 603 4937 ἐπί
617 4877 694 4948 δέκα,
709 4875 772 4956 ἀχρι
785 4879 831 4933 τοῦ
846 4875 879 4934 θ’.
900 4873 948 4945 τήν
962 4872 1013 4954 γάρ
1030 4874 1122 4933 εἰκάδα
1304 4874 1423 4958 βοάσομαί
1433 4873 1492 4936 τᾶρα
1503 4874 1545 4920 τᾶν
1563 4875 1684 4936 οπέρτονον

342 4972 410 5032 οότω
423 4971 542 5028 καλοῦσι.
554 4964 602 5037 τήν
620 4965 647 5024 δέ
659 4964 751 5023 εἰκάδα
766 4961 873 5045 πρώτην
890 4961 1000 5042 ὑστέραν
1019 4963 1121 5021 εἰκάδα·
1304 4945 1370 5008 βοαί·

342 5059 388 5120 καί
404 5056 453 5129 τήν
473 5055 530 5134 μετ’
551 5052 633 5124 αὐτήν
654 5053 676 5110 θ’
695 5053 839 5134 ρθίνοντος,
859 5049 908 5117 έως
933 5051 958 5128 β’
977 5049 1121 5131 φθίνοντος,
1164 5047 1304 5129 ὑπέρτονον
1320 5045 1362 5118 δέ,
1382 5047 1510 5124 μεγαἈην,
1528 5041 1665 5125 ύπέροχον.
1685 5044 1751 5125 ρησί
1769 5043 1811 5120 δέ,
1824 5050 1844 5104 εἰ
1862 5044 1956 5123 οῦτοι-5,,

340 5148 397 5220 ἥτις
409 5143 479 5205 ἐστίν
490 5143 541 5203 κδ’.
554 5140 602 5212 τήν
615 5141 644 5200 δέ
655 5138 785 5221 τριακάδα
797 5137 857 5209 ένην
866 5161 895 5195 τε
907 5135 1019 5195 καίνέαν
1031 5136 1121 5218 φασί]
1138 5177 1145 5288 γ
1164 5137 1251 5202 ὀπαῖς
1267 5134 1485 5204 ἐκπεπαίδευται,
1511 5133 1633 5209 μέγιστον
1651 5131 1702 5190 ὑπὸ
1717 5143 1803 5213 χαρᾶς
1820 5128 1927 5200 έκύοήῦν·

1165 4754 1219 4833 (καί
1233 4751 1367 4833 Φρύνιχος
1379 4749 1507 4833 Σατύροις

383 5254 442 5294 ιντο.
464 5230 516 5298 θείς
535 5252 579 5307 μοι
598 5228 742 5308 πρυτανεῖα
760 5245 768 5285 t
791 5225 848 5292 Τίις
868 5223 920 5304 γδρ
943 5224 1053 5290 δεκάτας
1075 5229 1121 5283 τοῦ
1186 5248 1221 5283 αι.
1239 5222 1338 5303 είρητα·
1355 5219 1382 5280 δέ
1397 5221 1525 5301 διαλέκτῳ
1540 5218 1658 5299 Δωρίδι.)
