4100 6109
680 449 871 508 scflom
901 449 943 506 ΙΝ
971 449 1122 510 NUBES.
1673 453 1706 518 ⁸1

110 587 151 646 καί
160 585 225 646 αίτω
236 582 295 666 περί
308 579 403 649 ίππυις
419 581 588 652 ἐσπούδακεν,
606 581 671 639 ὥστε
691 583 736 639 καί
752 579 884 639 καθεύδων
927 580 1052 654 ἐξεκόπην
1065 606 1072 643 ;
1088 581 1240 652 Ἔξέόαλον.
1251 585 1314 665 λίθῳ
1328 605 1333 644 :
1348 585 1398 646 Διδι
1410 587 1490 645 λίθου.
1509 598 1568 648 cml.
1582 603 1610 647 ιἰι
1626 602 1711 651 catal.

110 673 221 756 ὀνείρατα
235 671 295 752 περί
310 669 399 728 ἵππων
410 674 482 748 δρῦν.
494 668 525 726 τδ
536 664 710 748 ὀνειροπολεῖν
723 668 749 726 δέ
763 669 808 726 καὶ
819 671 885 726 ὀνει-
926 677 1000 726 codd.
1013 682 1129 728 Nam'an.
1140 695 1164 746 γι.
1180 692 1230 732 ⁴78.

111 762 209 842 ροίττειν
224 759 308 839 ταύτῃ
319 756 476 837 διενήνοχεν,
490 756 530 814 ότι
545 757 576 814 τὸ
588 756 635 834 μέν
655 755 828 837 ὀνειροπολεῖν
840 756 884 813 ἐπὶ
967 777 1003 816 αι.
1026 757 1132 834 Φίλων,
1151 759 1264 828 ἀδικεῖςῑ
1283 761 1318 820 Ὁ
1336 763 1513 835 Φειδιππίδης
1530 765 1661 825 καθεύδων
1677 773 1711 836 ὡς

110 856 155 908 τῶν
169 847 285 908 ἐνύπνιον
303 843 432 927 ὁρώντων,
451 845 481 903 τό
494 842 522 903 δὲ
539 843 700 925 ὀνειρώττειν
713 844 758 902 ἐπὶ
774 847 826 902 τῶν
840 843 884 900 διδι
927 845 1099 924 ὀνειροπολῶν
1113 847 1184 926 λέγει
1198 848 1261 930 πρὸς
1273 848 1317 908 τὸν
1329 853 1431 928 ἑταῖρον
1446 855 1534 912 αὐτοῦ.
1548 833 1576 903 Ιί-
1595 857 1617 932 (δ
1627 858 1711 914 νεανί-

88 938 189 1008 ,νοχτὸς
200 933 353 1011 αὐτομάτοις
364 930 490 1015 ἀφιέντων
501 932 583 1012 γόνον·
600 931 676 1014 (ὅπερ
689 937 743 999 τοῖς
754 935 780 991 ἐν
792 934 884 990 ίττιθυ-
927 953 989 998 σκος
1006 934 1185 1005 Φειδιππίδης
1204 942 1289 994 ταῦτα
1303 936 1435 996 καθεύδων
1454 940 1658 1021 ὑποφθέγγεται,
1675 942 1736 1011 ὥςς

111 1026 154 1108 μία
163 1026 229 1092 τινός
241 1016 299 1084 ούσι
312 1021 452 1100 συμόαίνει
464 1021 594 1101 γίνεσθαι,
607 1020 742 1088 δοξάζουσι
756 1023 810 1086 τοῖς
820 1040 883 1076 παι·
926 1043 985 1078 τινα
993 1027 1195 1100 συνηνιοχοῦντα
1207 1023 1384 1105 μεμφόμενος,
1392 1025 1431 1085 δτι
1443 1027 1500 1086 δέον
1511 1029 1588 1087 αὐτόν
1595 1031 1712 1090 ἐλαύνειν

109 1117 180 1181 ὀικοῖς
194 1113 329 1187 συνεῖναι).
345 1145 383 1156 ·-
396 1109 557 1189 ὀνειροπολεῖ
577 1129 584 1166 t
602 1105 703 1185 Ἠγουν
722 1110 749 1165 ἐν
770 1105 884 1187 ὀνείρασι
926 1107 964 1184 μή
977 1109 1180 1179 ὑποσκελίζονται
1192 1113 1253 1188 μηδ’
1261 1111 1404 1172 θποθέοντα
1413 1113 1460 1181 τδις
1470 1119 1521 1174 τῶν
1531 1115 1619 1176 ἵππων
1627 1119 1710 1190 όδοθς,
1798 1161 1800 1164 -

109 1201 264 1286 φαντάζεται.
275 1201 312 1261 θ,
326 1207 407 1257 etBr-
925 1198 960 1261 όις
980 1197 1179 1266 ἀνεπικωλύτως
1198 1199 1325 1273 θέοιεν,ό
1349 1203 1371 1260 δ’
1392 1203 1494 1262 ὖποθέει
1513 1205 1559 1264 καί
1577 1207 1711 1284 ἐμποδίζει

145 1293 199 1369 [17].
219 1293 287 1368 δρῶν
298 1288 411 1366 ἄγουσαν
425 1285 473 1357 τήν
488 1285 601 1358 σελήνην
614 1285 720 1350 είκιίδας
733 1303 740 1343 :
753 1281 833 1342 Ἤτοι
844 1282 883 1340 ὅτι
925 1283 1176 1364 προλαμόανόμενος
1189 1291 1241 1346 τῶν
1257 1287 1345 1348 ίπποιν
1359 1294 1411 1348 τῶν
1430 1292 1529 1351 ἐκείνου
1543 1293 1587 1352 τδν
1605 1295 1709 1376 δρόμον.

79 1415 99 1452 ,υ
111 1379 170 1458 μετὰ
182 1376 228 1448 τήν
247 1376 370 1445 εἰκαίδαθ
387 1372 621 1455 μὴνπροοεγγίζει
642 1378 675 1452 τῇ
694 1371 818 1453 τριακάδι
837 1370 883 1428 καῖ
926 1371 1020 1450 δεῖγμα
1042 1372 1070 1432 δέ
1094 1379 1140 1445 τῆς
1159 1375 1218 1456 περὶ
1241 1375 1288 1447 τήν
1309 1377 1418 1449 ἱππικὴν
1441 1382 1519 1440 αὐτοῦ
1542 1384 1657 1454 σπουδῆς
1678 1385 1709 1442 τό
1729 1412 1752 1447 ιο

108 1473 154 1528 τῶν
170 1463 276 1524 δανείων
291 1467 315 1522 σί
328 1461 400 1522 τόκοι
420 1461 583 1531 αύξαίνονται·
607 1460 633 1538 (ἢ
647 1459 687 1518 ὅτι
707 1463 736 1518 αἱ
756 1458 883 1537 μυστικαὶ
926 1460 1066 1539 φροντίζειν
1086 1462 1131 1520 καὶ
1150 1463 1308 1522 καθεύδοντα
1325 1465 1384 1546 περὶ
1396 1465 1501 1526 τούτων.
1524 1469 1554 1526 τδ
1572 1469 1600 1527 δέ
1618 1469 1710 1531 Φίλων

110 1555 215 1614 δαπάναι
230 1553 397 1631 ίιπῆρχοκοί
413 1550 526 1608 Ἀττικοί
541 1547 569 1608 δέ
583 1548 631 1616 τδις
645 1545 880 1618 είκαίδαςπληθυν-
925 1543 1018 1623 οῖ’μέν
1039 1571 1118 1628 φασιν
1143 1552 1313 1631 ἀναρμόστοις
1344 1554 1402 1613 καθ’
1422 1553 1501 1613 ὕπνον
1519 1555 1649 1636 εἰρηκέναι
1667 1557 1711 1616 τόν

110 1645 179 1708 ταῶς
195 1641 325 1715 λέγωσιν.
366 1635 476 1704 Ἀλλως.
493 1637 551 1696 ἐπεὶ
574 1634 704 1706 ήσελήνη
725 1636 752 1692 ἓν
771 1630 884 1712 ἡμέραις
926 1634 1059 1696 νεανίσκον
1072 1638 1129 1696 ἀντὶ
1143 1645 1202 1709 τοῦ,
1217 1629 1239 1698 ῶ
1252 1639 1325 1720 φιλε,
1338 1646 1360 1700 οἱ
1373 1643 1400 1700 δὲ
1415 1642 1503 1725 κύριον
1517 1643 1645 1724 ἡνιόχου.)

110 1726 256 1788 εἷκοσιεννέα
268 1727 398 1796 τελεῖται,
415 1724 450 1784 τδ
468 1725 496 1783 δέ
515 1723 539 1782 κ’
554 1727 607 1782 τῶν
618 1719 774 1781 είκοσιεννέα
794 1719 883 1798 ἐγγὺς,
939 1794 942 1800 ,
968 1742 1002 1782 σε.
1024 1723 1120 1792 πόσους
1132 1725 1242 1806 δρόμους
1252 1748 1260 1786 :
1271 1729 1465 1809 ήὈνειρύιττων
1476 1721 1534 1790 ἐἶπε
1545 1737 1641 1801 πόσους
1653 1733 1712 1815 δρό-

79 1849 99 1886 15
110 1819 213 1877 ίόίδοντο
224 1815 251 1874 δέ
263 1817 292 1873 ἐν
302 1819 340 1894 τῷ
358 1814 428 1872 τέλει
436 1818 483 1884 τῆς
497 1814 607 1884 σελήνης
619 1813 643 1870 οῖ
657 1808 744 1881 τόκοι,
755 1807 799 1866 διὰ
807 1813 884 1866 τοῦτο
929 1832 1002 1885 μους.
1018 1803 1054 1879 είς
1066 1813 1088 1872 δ’
1105 1815 1175 1872 ἐστίν
1194 1813 1244 1872 ὑπὸ
1262 1820 1308 1886 τῆς
1324 1817 1466 1900 ἀφετηρίας
1482 1819 1561 1900 μέχρι
1576 1827 1622 1879 τοῦ
1638 1845 1708 1900 καμ-
1729 1853 1751 1890 1¹0

110 1906 205 1971 εἷκᾶδας
217 1895 300 1963 Εἶπεν·
312 1902 330 1974 ἢ
343 1902 374 1960 τὸ
384 1900 490 1967 ‘wic
505 1898 542 1977 μὴ
555 1898 607 1958 νόει
618 1896 662 1956 διὰ
681 1895 749 1975 μόνα
761 1894 796 1954 τὰ
810 1893 882 1953 είκν·
925 1903 1033 1978 πτῆρος.
1055 1904 1078 1960 οἱ
1098 1900 1119 1960 δ’
1140 1903 1241 1983 ἡνίοχοι
1263 1905 1476 1983 καθωπλισμένοι
1494 1907 1615 1980 ἤλαυνον.
1635 1917 1712 1970 τοῦτο

112 2017 157 2064 σιν,
169 1989 235 2050 ὀλλίι
249 1991 298 2050 καὶ
307 1991 350 2048 διδ
362 1989 395 2047 τὰ
407 1988 506 2070 ἐφεξῆς.
518 1986 610 2046 τούτου
622 1986 673 2065 γδιρ
686 1983 763 2044 ἕνεκα
772 1985 884 2053 πληθυν·
926 1985 955 2044 δέ
970 1979 1043 2069 εῦρεν
1057 1993 1071 2046 δ
1083 1989 1211 2070 Θησεύς]
1228 1991 1324 2059 πόσους
1338 1993 1475 2069 καμπτοὶις
1487 1997 1644 2071 πεποίηκας;
1656 2000 1711 2056 ἐστὶ

110 2085 178 2146 τικῶς
191 2081 311 2160 εἴρηται)
323 2114 362 2125 -
376 2079 456 2157 ἤγουν
466 2076 519 2147 ήδη
531 2077 567 2142 εἰς
576 2073 648 2141 τέλος
661 2077 759 2132 ἰοῦσαν,
772 2073 809 2131 Θ.
926 2073 954 2135 δέ
964 2074 1067 2155 εὕρημα
1078 2083 1154 2137 τοῦτο
1169 2085 1214 2138 τοῦ
1226 2079 1345 2151 Θησέως.
1361 2093 1387 2139 R.

146 2191 175 2227 ια.
196 2168 263 2226 όπτε
274 2169 327 2224 παῖ
336 2169 432 2246 λύχνον
448 2186 455 2225 :
474 2167 576 2242 (Ταῦτα
593 2161 679 2220 πάντα
695 2158 884 2240 παρεγκυκλή·
922 2207 930 2220 .
966 2163 1191 2246 [πολεμιστήριαφ
1210 2167 1265 2228 Καὶ
1283 2173 1361 2226 τοῦτο
1381 2169 1439 2228 καθ’
1460 2167 1556 2239 ὕπνους
1573 2173 1654 2252 λέγει.
1677 2175 1722 2244 τδιΙ

78 2285 100 2321 νο
111 2257 175 2334 ματαί
191 2258 240 2313 εἰσι
258 2255 307 2314 καί
325 2250 544 2334 παρεπιγραφαί.)
561 2251 600 2308 δεῖ
610 2249 661 2328 γὰρ
675 2249 720 2307 τδν
736 2245 841 2334 οἰκέτην
854 2244 884 2302 τὸ
926 2250 1106 2332 ἇμιλλητήρια
1117 2251 1224 2334 ἅρματα
1231 2253 1340 2335 ὤφειλεν
1349 2257 1439 2314 εἰπεῖν·
1450 2259 1464 2314 ό
1474 2255 1500 2315 δέ
1512 2257 1562 2316 ύπό
1572 2265 1618 2318 τοῦ
1630 2258 1710 2320 ὕπνου
1725 2301 1753 2338 ,20

110 2342 263 2424 προσταχθὲν
276 2347 402 2414 ποιῆσαι,
419 2340 465 2398 καῖ
481 2339 548 2419 ἅψαι
562 2337 608 2396 τὸν
620 2336 725 2416 λύχνον,
739 2335 785 2394 καί
796 2336 884 2393 δοῦναι
925 2336 1015 2420 ὥσπερ
1029 2345 1073 2398 τοῦ
1085 2343 1160 2422 δρθθῦ
1172 2341 1308 2402 ἐκπίπτων
1321 2341 1355 2402 τδι
1368 2345 1561 2426 πολεμιστήριοί
1573 2369 1646 2428 φησι.
1663 2373 1710 2407 πο-

110 2432 251 2511 τόβιθλίον,
260 2429 354 2489 ἔπειτα
363 2429 409 2488 καί
421 2433 485 2510 δρᾶν
496 2429 532 2494 είς
544 2426 576 2485 τό
585 2425 687 2505 βιόλίον
700 2424 746 2482 καὶ
760 2421 829 2481 ούτω
839 2421 881 2479 λε’-
924 2426 1083 2510 λεμιστήριᾳ
1104 2427 1155 2510 γδιρ
1179 2427 1286 2511 ἅρματα
1310 2429 1431 2509 λέγονται
1454 2431 1488 2490 τίκ
1512 2437 1565 2500 τοῖς
1588 2435 1712 2512 πολέμοις

110 2543 157 2594 γειν
168 2520 225 2586 ταδς
238 2517 387 2584 δανειστάς.
903 2561 905 2565 -
926 2513 1049 2596 ἁρμόδια,
1060 2516 1239 2597 ἇμιλλητήρια
1249 2517 1282 2575 τδι
1293 2521 1319 2576 ἐν
1327 2519 1383 2586 ταῖς
1390 2518 1513 2596 ἁμίλλαις
1525 2527 1714 2601 συνεργοῦντα,

144 2629 175 2666 αι
194 2606 343 2683 λογίσωμαι
355 2625 363 2666 ;
379 2603 509 2685 Ψηφίσω.
528 2614 554 2660 R.
568 2599 787 2681 λογαριοίσιομαῑ,
799 2599 881 2675 λογα·
901 2572 906 2672 ί
926 2603 1103 2685 ἀγωνιστήρια
1115 2603 1183 2663 δέτθ
1193 2606 1279 2672 ἐντοῖς
1289 2609 1424 2685 ὀγκῶσαθ.
1432 2643 1470 2652 -
1480 2607 1548 2667 κατά
1556 2631 1629 2676 τινας
1638 2609 1711 2688 ἀγδο

80 2736 101 2771 23
113 2697 194 2776 ριόσω.
206 2697 241 2754 Θ.
257 2706 303 2751 Bt.
926 2691 1063 2764 Ἀθήνησιν
1075 2698 1182 2754 ἱππικοῦ
1198 2694 1303 2777 δρόμου.
1323 2697 1368 2753 ἕνα
1380 2695 1408 2755 δέ
1422 2695 1519 2776 δρόμον
1533 2699 1590 2755 ἐκεῖ
1601 2697 1708 2778 τρέχοο-
1725 2735 1752 2772 25

145 2785 199 2862 [οη.
219 2782 322 2841 δώδεκα
344 2789 410 2858 μνᾶς
430 2779 543 2860 Πασίφε
563 2782 663 2840 Τοῦτον
676 2779 711 2841 ὡς
724 2773 883 2854 ἱπποτρόφον
926 2803 976 2852 σιν,
987 2779 1055 2839 ὥστε
1072 2781 1106 2840 τίκ
1125 2779 1303 2863 ἁμιλλητήρια
1324 2783 1502 2853 πληθυντικῶς
1522 2773 1593 2841 είπεν
1612 2788 1626 2841 ὁ
1642 2783 1711 2856 νέος,

112 2874 150 2930 καί
161 2869 372 2951 διαπῠρθθσαντα
380 2867 428 2938 τὴν
438 2867 526 2926 ὠσίαν
538 2864 727 2946 παρεισήγαγε·
741 2863 885 2942 χαριέντως
926 2867 1105 2948 σφαλλόμενος
1115 2871 1145 2926 ἐκ
1155 2874 1199 2928 τοῦ
1209 2869 1390 2949 ὀνειροπολεῖν.
1401 2869 1593 2950 πολεμιστήρια
1603 2873 1712 2929 καλοῦν-

111 2961 134 3017 δδ
147 2959 233 3018 τούτοιν
246 2963 292 3015 νῦν
308 2956 481 3034 μνημονεύει,
493 2954 551 3014 ἐπεί
562 2954 606 3012 καί
621 2953 698 3020 αὐτὸς
709 2952 741 3010 δι’
755 2955 884 3030 ίπποτρο-
926 2979 970 3012 ται
982 2956 1027 3012 καί
1039 2955 1072 3012 τό
1084 2955 1215 3032 πολεμικδι
1228 2955 1349 3037 ἅρματα,
1359 2957 1397 3036 ἐφ’
1413 2946 1449 3014 ῶν
1461 2957 1569 3028 ὁπλίτης
1583 2957 1710 3028 ἐπιόέόη-

112 3049 165 3127 ρίαν
175 3049 243 3106 δοκεῖ
251 3047 402 3124 δυστυχεῖν.
927 3066 970 3100 κεν
986 3042 1043 3118 ἅμα
1062 3045 1100 3123 τῷ
1120 3043 1274 3122 παραύότη.
1295 3049 1379 3103 ταῦτα
1398 3044 1425 3102 δέ
1444 3043 1543 3126 ἐξεῦρεν
1563 3049 1577 3104 δ
1596 3048 1709 3119 Θησεύς.

79 3171 102 3207 2„
144 3156 176 3194 κα.
198 3139 252 3211 (τοῦ
270 3131 375 3192 δώδεκα
393 3140 483 3208 μνᾶςτ
506 3129 560 3190 Καὶ
577 3134 653 3189 τοῦτο
671 3126 884 3207 παρεγκύκλημα
927 3129 1372 3211 ἁμιλλητήριαδὲτθιόγωνίσματα.
1434 3131 1544 3200 Ἀλλως.
1555 3134 1611 3194 δέον
1619 3138 1710 3208 εἰπεῖν,
1726 3175 1753 3213 ³0

111 3223 244 3301 ἐφίστησι.
263 3223 301 3286 ῶς
318 3221 451 3297 διαπορῶν
470 3223 515 3277 τοῦ
533 3216 634 3276 δανείου
646 3213 694 3286 τήν
710 3214 809 3288 αἰτίαν,
829 3203 885 3272 εἶτα
927 3216 1022 3284 πόσους
1036 3217 1145 3298 δρόμους
1159 3219 1260 3276 ἐλαύνει
1274 3217 1308 3277 τδι
1322 3219 1510 3298 ἁμιλλητήρια·
1526 3220 1584 3279 ἀντὶ
1600 3229 1646 3283 τοῦ
1661 3224 1711 3282 πό·
1833 3217 1836 3224 ’

112 3308 273 3387 ἀναμνησθείς
284 3307 320 3366 τὰ
331 3307 390 3379 ἑξῆς
402 3307 515 3385 ἐπάγει.)
528 3305 589 3386 [τοῦ
604 3303 705 3363 δώδεκα
719 3323 726 3362 :
740 3301 788 3374 Μὴ
803 3300 887 3380 λα’ύηε
928 3331 969 3364 σοι
987 3305 1079 3388 δρόμοι
1098 3307 1147 3366 εἰσί
1164 3313 1210 3378 τῆς
1226 3306 1348 3385 ἁμιλλης·
1367 3311 1381 3365 θ
1399 3306 1426 3366 δὲ
1441 3307 1531 3380 ἐπειδὴ
1547 3310 1604 3369 καθ’
1618 3309 1713 3379 ῦπνους

28 3417 30 3424 ’
113 3397 236 3464 ῑίςτθτῶ
249 3395 345 3465 ἕωθεν
359 3395 388 3453 τί)
401 3393 537 3465 ἕνεκανῦκ
550 3392 733 3458 Οἶθνταίτῑνῑς·
747 3390 804 3449 ἀλλ’
817 3389 886 3448 ἔστιν
928 3397 997 3453 τοῦτ’
1012 3394 1103 3472 ἔλεγε,
1116 3395 1309 3476 πολεμιστήρια
1322 3385 1492 3474 είπεν.θγθιρ
1504 3401 1560 3464 νοῦς
1572 3401 1623 3456 τῶν
1637 3401 1713 3481 ὀργά-

112 3483 236 3555 ήτοιαύτη
247 3483 339 3563 γενικὴ
350 3483 415 3563 πρθς
425 3482 455 3540 τδ
474 3479 566 3561 μνᾶς]
580 3479 637 3539 ἀντὶ
651 3485 712 3552 τοῦ,
731 3481 761 3537 ἐκ
775 3483 821 3536 τοῦ
839 3478 885 3535 δα·
928 3505 979 3538 νων
993 3481 1140 3561 ἀργούντων
1154 3487 1192 3564 τῷ
1204 3482 1276 3564 ὕπνῳ
1288 3485 1346 3555 εἰκῆ
1356 3481 1487 3564 vipera]

81 3607 101 3640 ν,
112 3574 171 3632 νείου
182 3573 278 3631 ἐκείνω
291 3571 319 3629 τί
331 3570 466 3650 ἠγόρασας
481 3571 510 3633 R,
527 3575 572 3627 τοῦ
586 3589 594 3629 2
605 3565 717 3628 Ἕνεκεν
731 3567 800 3633 τίνος
814 3565 884 3644 προί-
968 3589 1003 3629 ασ.
1018 3568 1133 3636 ἐλαύνεις
1144 3589 1151 3629 :
1163 3571 1268 3636 ΙΙολλδις
1281 3567 1394 3650 στροφδς
1405 3569 1545 3651 φροντίδων
1558 3571 1714 3654 στρέφεσθαί
1722 3595 1747 3634 ατ

112 3683 209 3737 γματος.
222 3660 250 3718 τί
264 3680 272 3719 t
286 3659 335 3726 Ἐς
347 3658 389 3734 τίς
404 3657 472 3716 κατδι
484 3656 524 3729 τίς
536 3668 583 3715 Br.
929 3681 963 3734 με
982 3659 1063 3724 ποιεῖς
1082 3655 1124 3716 διδ
1143 3655 1176 3716 τδι
1196 3656 1230 3716 σθι
1245 3657 1321 3740 χρέα.
1338 3663 1374 3720 Θ.
1395 3658 1549 3739 στρέφεσθαί
1567 3683 1600 3738 με
1618 3664 1713 3733 ποιεῖς,

146 3770 178 3809 23.
198 3748 242 3807 τὀν
253 3745 406 3807 κοππατίαν
419 3766 426 3805 :
440 3743 705 3811 Κοππατίαείππθνε
717 3742 837 3813 ἐκάλουν,
851 3733 888 3808 οἷς
929 3746 1008 3823 ἤγουν
1018 3745 1117 3812 πολλδις
1132 3744 1244 3826 στροφδις
1256 3745 1397 3828 φροντίδων
1413 3747 1553 3828 διεγείρεις.
1566 3761 1611 3808 Br.

114 3836 298 3918 ἐγκεχαίρακται
308 3833 340 3892 τό
354 3858 371 3891 κ
384 3836 527 3912 στοιχεῖον,
541 3835 578 3898 ὡς
591 3831 728 3912 σαμφόρας
740 3829 799 3896 τοὺς
813 3831 887 3908 ἐγκε·
969 3852 1004 3892 σο.
1026 3831 1108 3912 [ἀτίιρ
1118 3831 1144 3891 τί
1155 3852 1161 3892 :
1172 3833 1208 3893 Τί
1220 3833 1252 3904 δὴ
1265 3832 1331 3910 μετόι
1343 3838 1425 3892 ταῦτα
1438 3835 1545 3916 ὀφλημαί
1557 3859 1590 3912 με
1600 3835 1714 3897 κατίλα-
1805 3897 1807 3900 .

112 3923 324 4004 χαραγμένουςτό
335 3944 359 3981 σ.
370 3919 409 3998 (τό
417 3920 494 4002 γδιρσ
505 3920 551 3978 καὶ
563 3919 593 3978 τθ
603 3941 633 3978 κ·
647 3917 826 3999 αρασσόμενον
839 3917 888 3978 σδιν
930 3921 984 3980 όεν.
994 3919 1141 4002 Εὐριπίδης·
1149 3919 1327 4000 υτίχρέοςέόα
1335 3921 1453 4002 θῶμαι]
1461 3921 1713 4006 -χρέοςεόφλημα,

83 4041 103 4074 ιο
113 4012 193 4089 ’ῖεγαν
202 4010 246 4069 καί
258 4010 363 4070 κόππα.
379 4011 407 4066 αἱ
423 4006 450 4065 δὲ
463 4006 587 4087 χαράξεις
602 3942 681 4064 σίίται
690 4006 737 4064 καί
748 4005 828 4085 μέχρι
841 4012 888 4065 τοῦ
936 4019 961 4065 V.
976 4006 1025 4066 ἐῦα
1041 4027 1095 4084 μετ
1113 4007 1261 4067 Κατελαόε.
1277 4018 1322 4065 Br.
1339 3999 1416 4080 ἦλθε,
1430 4007 1571 4072 κατελαῦε.
1585 4015 1620 4072 Θ.
1730 4029 1757 4070 ιο

113 4105 152 4156 νῦν
164 4098 289 4167 σώζονται
302 4098 348 4156 ἐπὶ
365 4097 419 4162 τοῖς
434 4095 532 4162 ίπποις.
553 4094 759 4171 συζευγνυμένου
773 4092 825 4173 γδιρ
842 4099 887 4152 τοῦ
970 4116 1005 4156 οι.
1028 4097 1096 4176 ’τρεῖς
1108 4104 1171 4174 μναῖ
1181 4095 1330 4177 διφρίσκου;
1343 4097 1485 4178 Διφρίσκου
1495 4100 1570 4156 καλεῖ
1581 4099 1610 4158 τδ
1624 4108 1714 4172 σκεῦος

114 4189 211 4245 κκαὶσ
229 4185 261 4244 τό
277 4190 375 4265 σχῆμα
387 4189 432 4243 τοῦ
444 4207 461 4251 ς
472 4187 584 4265 ἀριθμοῦ
595 4180 704 4240 δύναται
718 4187 844 4252 νοεῖσθαι,
858 4173 887 4240 οῦ
931 4185 957 4241 ἐν
975 4175 997 4264 ᾧ
1011 4187 1035 4241 οἱ
1055 4183 1156 4262 ἡνίοχοι
1173 4185 1316 4264 ἐφεστῶτες
1331 4185 1493 4246 ἐλαύνουσιν.
1512 4191 1714 4266 ὑποκοριστικῶς

114 4271 296 4352 προηγεῖταιτό
307 4271 409 4333 κόππα.
421 4271 467 4330 καὶ
474 4269 547 4352 παρίι
555 4277 609 4337 τοῖς
616 4272 809 4348 γραμματικοῖς
820 4267 888 4327 οὕτω
931 4268 968 4348 (δὲ
981 4260 1039 4328 είπε
1051 4269 1108 4336 τοὺς
1120 4269 1283 4351 διφρίσκους,
1296 4269 1338 4330 διίι
1352 4270 1382 4329 τδ
1397 4271 1505 4354 μικρούς
1519 4263 1639 4332 εἶναικαὶ
1653 4279 1713 4336 κού-

116 4360 268 4430 διδόσκεται,
286 4358 335 4418 καί
352 4360 471 4418 καλεῖται
489 4356 580 4417 κόππα
598 4354 762 4426 ἐνενήκοντα.
777 4355 844 4424 τινὲς
861 4357 888 4415 δὲ
930 4381 991 4438 φους
1005 4361 1058 4425 τοῖς
1070 4357 1265 4436 ἀγωνιζομένοις
1276 4359 1339 4439 πρὸς
1349 4359 1408 4425 τοὺς
1422 4359 1625 4437 αἰγωνιστικούς).

86 4484 104 4518 ς,
115 4447 251 4506 κοππατίαν
266 4445 430 4526 ἐξηγήσαντο
447 4445 490 4504 τόν
511 4445 641 4503 κόπτοντα
658 4443 704 4502 καί
724 4444 889 4502 κοιλαίνοντα
971 4445 1092 4524 Ἀμυνίας
1109 4449 1161 4504 τῶν
1180 4446 1239 4526 περὶ
1257 4445 1352 4514 ἵππους
1372 4447 1541 4507 ἐπταικότων.
1560 4447 1748 4526 (μέμνηταιςς

115 4545 165 4603 ταῖς
178 4538 270 4604 ὁπλαῖς
283 4535 317 4594 τό
329 4535 482 4616 ἔδαφος,“ού
499 4532 607 4599 δεόντως
625 4532 815 4609 ὑποτιθέμενοι.
829 4531 889 4592 οῦδέ
931 4532 959 4594 δὲ
974 4537 1053 4593 αὐτοῦ
1070 4535 1116 4593 καί
1134 4536 1161 4592 ἐν
1174 4542 1227 4600 τοῖς
1240 4533 1327 4615 Σφηξί
1346 4535 1429 4613 [νοοῖ]1
1448 4540 1493 4592 νῦν
1508 4533 1535 4593 δέ
1552 4537 1599 4594 οὐκ
1617 4535 1714 4594 ἐκείνου

116 4619 888 4705 γθρβουκεφαλαςκαλῶμενδιθτόμορφήντοιαύσηνέχειν,
931 4621 1100 4700 καθάψασθαι
1122 4620 1276 4700 βουλόμενος
1295 4620 1452 4699 μνημονεύει
1471 4625 1566 4694 αὐτοῦ,
1587 4620 1656 4682 ἀλλὰ
1670 4621 1714 4681 τόν
1799 4659 1817 4724 γ

116 4709 175 4768 α’λλθ
188 4709 230 4769 διίι
242 4710 274 4769 τθ
288 4708 359 4768 σῦτω
373 4708 554 4790 κεχαρόχθαι,
569 4699 638 4784 οἷος,
657 4698 746 4785 οἶμαι,
759 4708 805 4767 καὶ
816 4714 830 4767 ό
843 4715 888 4768 τοῦ
931 4710 988 4769 τότε
1000 4709 1115 4791 ἄρχοντα
1129 4707 1259 4788 διασύρειν
1271 4705 1515 4800 προαιρούμενοςτῇ
1526 4708 1623 4768 ἐκείνου
1636 4733 1716 4788 προσ·

210 4819 272 4880 ορου
289 4805 335 4857 τοῦ
348 4796 500 4862 Μακεδόνος
515 4796 594 4864 ίππος
606 4787 650 4868 ἧν,
666 4785 689 4878 ᾧ
704 4797 889 4868 τελευτήσαντι
930 4797 1025 4879 ηγορίιρ
1044 4797 1185 4879 ἐχρήσατο.
1201 4795 1259 4855 τότε
1276 4796 1327 4877 γδιρ
1343 4801 1423 4878 ἠρχεν
1437 4795 1568 4874 Ἀμεινίας
1583 4805 1627 4856 τοῦ
1644 4801 1715 4879 Προ-

83 4922 105 4958 w
116 4886 157 4956 τήν
170 4887 362 4969 Ιλουκεφόλειαν
374 4883 540 4965 Ἀλέξανδρος
554 4883 664 4957 ἔκτισεν,
680 4884 798 4965 ἐντάφιον
818 4888 890 4965 αὐτῷ
931 4886 1028 4953 νάπους
1040 4887 1100 4952 υἱός.
1115 4885 1172 4945 ἐπεὶ
1184 4875 1228 4944 οῦν
1240 4883 1298 4952 τοῦς
1310 4883 1335 4942 Ἀ
1340 4883 1459 4956 θηναίους
1472 4883 1597 4966 πρότερον
1612 4909 1713 4966 κωμῳ-
1731 4921 1760 4956 η,

115 4979 156 5043 τῆς
166 4979 254 5054 ἀρετῆς
266 4972 439 5055 χαριζόμενος
451 4972 546 5050 πολιν.)
738 5007 741 5010 ·
932 4976 985 5033 δεῖν
999 4973 1042 5032 τόν
1059 4971 1174 5053 ἄρχοντα
1189 4976 1203 5030 θ
1217 4971 1293 5050 νόμος
1312 4971 1434 5043 ἐκώλυεν,
1450 4972 1585 5053 ἀφαιρέσει
1603 4969 1650 5048 μέν
1669 4977 1714 5030 τοῦ

150 5081 183 5122 τι.
204 5061 248 5120 εἷθ’
269 5060 397 5132 ἐξεκόπην
416 5083 423 5121 :
443 5059 555 5130 Ἐπαιξε
574 5061 604 5120 τό
623 5059 748 5132 ἐξεκόπην
766 5061 840 5142 παρδ
860 5063 890 5123 τό
933 5086 957 5138 ι,
970 5060 1155 5140 προστιθέντος
1167 5061 1194 5119 δέ
1206 5065 1252 5118 τοῦ
1267 5085 1297 5130 υ,
1309 5058 1479 5140 παρατρέψας
1491 5059 1577 5138 ὀλίγον
1593 5055 1715 5136 Ἀμυνίαν

117 5151 264 5208 κοππατίαν.
277 5149 342 5231 φησί
357 5149 399 5222 δέζ
416 5149 514 5232 ὤφελον
526 5149 587 5230 πρίν
597 5149 724 5230 πρίασθαι
740 5150 784 5207 τὸν
797 5150 890 5223 ἵππον,
932 5150 1010 5208 αιίτδν
1021 5141 1092 5208 εἶπεν
1106 5148 1162 5206 ἀντὶ
1177 5153 1222 5207 τοῦ
1238 5147 1388 5225 Ἀμεινίαν.)
1405 5183 1441 5191 -
1452 5147 1607 5228 ὀφείλονται.
1618 5149 1654 5208 Θ.

118 5237 155 5293 τόν
171 5239 302 5320 ὀφθαλμόν
320 5238 475 5317 ἐκκεκόφθαι
491 5238 641 5315 ίπαταχθείς
660 5237 747 5316 α’ντδν)
762 5237 836 5317 λίθῳ.
852 5272 890 5281 -
971 5258 1005 5296 οο.
1029 5237 1114 5313 α’παγε
1129 5233 1173 5293 τδν
1188 5235 1267 5295 ίττπον
1281 5235 1399 5304 ἐξαλίσας
1413 5257 1419 5296 :
1436 5235 1506 5316 [Καὶ
1520 5242 1594 5294 τοῦτο
1607 5237 1703 5314 ὀνειρο-

189 5354 252 5387 ειαιο.
287 5353 406 5388 zamam.
458 5343 464 5354 ‘
1622 5345 1634 5382 ο
