4100 6109
845 411 970 473 ecurt
1177 422 1180 429 ·
1622 425 1677 484 „5

152 560 215 633 957,
230 555 266 611 52
279 556 308 611 la
320 574 415 630 μιταρ.
434 556 481 621 V,
492 547 542 627 qni
558 552 644 613 κακῶς
662 546 807 607 κοπέντων.
823 549 871 603 Ce-
889 547 896 613 l
915 559 962 608 νες.
984 548 1027 602 Ex
1042 545 1084 603 his
1100 566 1187 623 quum
1201 548 1327 608 dilucide
1339 554 1503 628 colligatur,
1524 554 1591 611 illud
1607 556 1680 613 urui-

117 648 162 704 seri
175 635 870 724 ραῦλωςδιανικσμρίνων.-54μερίδανοιοιουααι
915 634 1025 707 quiou's
1051 646 1147 705 uotae,
1173 636 1251 713 quod
1279 638 1358 710 dixi,
1382 652 1411 695 ct
1431 638 1485 697 hoc
1503 653 1680 700 enotatuma

117 734 231 805 adaequa
252 728 419 786 scholiastes
433 725 469 783 ad
493 745 520 782 v.
538 726 606 794 863,
625 743 686 780 eum
703 742 762 781 csse
777 728 872 798 portis
916 719 1005 777 Snida
1019 720 1149 779 scholion
1168 722 1273 783 diversi
1293 726 1419 801 parentis
1437 746 1496 783 esse
1519 726 1633 802 foetruir,
1652 730 1679 785 iu

116 824 257 875 ,remane
273 820 382 873 unm.
917 825 1004 863 onum
1018 821 1111 866 tamen
1130 822 1260 885 utraque,
1273 811 1348 869 refut
1362 813 1442 869 nullo
1459 813 1623 873 discrimine
1637 838 1681 873 se-

152 908 218 981 959‚
234 904 288 970 4-8
300 914 357 960 oin.
367 904 453 959 etiam
463 901 499 959 Θ,
511 942 540 952 ..
558 897 644 975 pleri
659 918 716 956 om.
731 903 766 955 V.
777 896 873 977 πρότε-
912 894 1024 969 juncta,
1037 898 1199 955 conflarunt
1208 903 1251 955 Jo.
1265 904 1371 959 Meurs.
1384 904 1427 958 De
1439 902 1579 959 Archout.
1593 906 1619 972 3,
1636 924 1680 976 ru,

118 1018 174 1073 ρον,
191 1012 226 1048 ιο
241 989 298 1047 νεόν
316 986 374 1045 τινὰ
390 986 434 1045 ἐπὶ
448 989 488 1067 τῷ
501 984 703 1067 συμρθείρισθαι
723 986 790 1063 αὐτῇ
802 989 871 1061 fleg.
916 996 945 1040 et
962 988 992 1041 S.
1010 984 1095 1041 Petit.
1111 983 1146 1040 ad
1161 988 1214 1041 LL.
1231 991 1291 1043 ΔΑ.
1306 1007 1334 1063 p.
1355 990 1408 1062 196
1421 1010 1427 1044 :
1442 1008 1500 1065 quo
1511 990 1617 1047 factum
1629 1004 1681 1061 est,

116 1078 199 1139 ἐπὶτὸ
218 1079 345 1134 V.-r1
372 1072 432 1133 ὅδὲ
445 1074 595 1143 πλουτήσας
611 1071 793 1152 ἀνεχώρησεν,
812 1068 872 1142 ἠδὲ
917 1084 948 1129 ut
966 1072 994 1128 in
1007 1090 1136 1129 errorem
1149 1072 1381 1145 inciderint‚sed
1399 1077 1483 1153 plane
1495 1079 1681 1148 contrarium,

117 1165 227 1243 καταόαᾷ
237 1170 269 1223 V.
281 1163 361 1221 ldem
371 1162 448 1219 aliud
458 1161 494 1219 ad
505 1162 583 1217 hrruc
593 1180 621 1217 ν.
634 1161 764 1218 scholion
777 1158 872 1233 hahet,
917 1160 986 1217 daun
1000 1160 1048 1217 hic
1060 1160 1096 1216 de
1108 1160 1288 1218 senatoribus
1303 1176 1415 1237 cuncta,
1431 1163 1467 1221 dc
1476 1162 1624 1240 judicibus
1634 1167 1682 1223 ille

117 1259 188 1332 (ραῒις
200 1251 266 1331 πρὸς
276 1250 321 1308 τὸν
330 1249 408 1330 χορὸν
422 1251 475 1305 τῶν
486 1248 623 1327 γερόντων.
637 1252 655 1319 ἡ
670 1245 732 1323 ρίλη
746 1250 792 1305 τοῦ
809 1269 873 1305 νια-
917 1249 1134 1324 iuterpretatur.
1157 1249 1246 1323 Atqui
1258 1270 1314 1305 non
1331 1262 1427 1326 potest
1441 1249 1576 1323 dubitari,
1596 1252 1682 1309 modo

115 1342 180 1397 νίου·
197 1340 277 1417 qood
293 1358 349 1396 οιιι.
361 1343 396 1394 G.
917 1338 983 1413 quis
993 1337 1120 1393 animum
1134 1335 1303 1404 attenderit,
1322 1338 1391 1413 quin
1410 1340 1502 1396 solum
1517 1352 1680 1398 serratorum

150 1430 217 1504 961,
245 1428 279 1483 16
297 1424 355 1484 dael
375 1428 421 1482 τοῦ
436 1423 580 1489 παντελῶς
597 1427 633 1483 V,
656 1440 713 1477 om.
735 1428 771 1478 G.
785 1458 816 1470 -
840 1442 872 1493 ¹7
918 1424 1048 1482 ordinem
1062 1425 1152 1501 prius,
1171 1425 1292 1481 alterurn
1307 1444 1457 1483 consessus
1466 1425 1597 1501 judicum
1616 1439 1681 1483 tnn-

117 1514 283 1595 Ἐσρίληρεν
292 1533 351 1571 om.
365 1516 453 1569 Dorv.
468 1550 500 1563 ..
515 1530 550 1585 ¹9
562 1509 675 1587 γίνωσκε
688 1529 744 1566 om
759 1510 795 1567 Θ.
873 1516 877 1523 ’
917 1524 973 1589 gat.
991 1516 1123 1571 Ceterum
1139 1511 1216 1587 quod
1228 1512 1334 1568 Peticus
1345 1513 1464 1570 rescribi
1474 1512 1557 1589 jubet
1571 1512 1641 1573 κατὰ
1652 1512 1683 1570 τὸ

128 1605 217 1679 ‘963,
234 1622 267 1657 οι
293 1599 348 1659 Καὶ
360 1620 457 1678 προσπ.
474 1603 508 1655 V.
532 1634 560 1645 -
574 1616 611 1653 aa
635 1595 679 1654 καὶ
703 1594 874 1677 μιιραιιίσκην
918 1598 1031 1680 γράμμα
1045 1618 1098 1676 pro
1114 1598 1160 1657 καὶ
1173 1596 1203 1655 τὸ
1215 1597 1336 1677 γράμμα,
1351 1600 1417 1656 etia
1434 1602 1471 1679 τῷ
1481 1600 1683 1681 γράμματιριο

117 1689 160 1766 μὲν
173 1688 269 1745 omisit
280 1686 384 1745 Suidas
396 1686 425 1742 in
438 1682 569 1765 Ὣρυιῶς,
580 1703 645 1760 quae
655 1696 750 1740 tamen
770 1696 802 1740 ut
821 1684 874 1741 ad·
917 1685 1103 1769 γραμματείῳ,
1116 1686 1288 1761 jamdudum
1298 1700 1363 1743 ante
1373 1690 1516 1745 Meursius
1531 1707 1588 1744 uon
1602 1688 1683 1745 aliter

117 1780 184 1849 sint,
197 1794 298 1833 sensus
319 1775 412 1851 poscit
431 1794 438 1828 ε
458 1772 596 1828 rationem
614 1772 689 1827 enim
709 1772 776 1838 ista,
791 1768 832 1828 nt
845 1770 875 1829 τὸ
919 1776 948 1832 ir.
963 1775 1035 1851 ipsis
1050 1772 1209 1831 scholiastae
1225 1772 1318 1830 verbis
1333 1773 1483 1831 exhibuit:
1500 1793 1597 1831 verum
1613 1795 1684 1831 netr-

116 1862 288 1946 τεθραμμένον
301 1870 345 1922 τοῦ
358 1866 509 1942 ὠραϊσμοῦ,
521 1862 687 1929 continent,
699 1880 752 1919 cor
767 1862 875 1920 facetus
920 1860 1172 1921 teranimadvertit
1185 1859 1304 1919 riccard
1317 1858 1482 1921 ἐὸουλεῦοντο
1493 1853 1573 1935 οὗτοι,
1590 1864 1682 1938 legen·

117 1974 195 2011 senex
217 1952 389 2027 Chremylus
413 1949 590 2026 prurientem
613 1969 717 2020 anum,
737 1937 875 2006 indecoro
919 1950 987 2006 dum
1002 1969 1064 2006 esse
1077 1945 1173 2015 οὕτως·
1190 1948 1325 2005 nimirum
1344 1946 1412 2007 κατὰ
1430 1948 1461 2007 τὸ
1478 1948 1606 2029 γράμμα,
1629 1950 1682 2021 vel,

118 2039 243 2097 romendi
265 2037 362 2095 studio
375 2036 498 2112 virgines
510 2048 593 2093 aetate
613 2036 748 2093 florentes
758 2037 874 2093 aemula-
919 2038 941 2092 si
955 2037 1020 2112 quis
1042 2036 1096 2093 hoc
1119 2035 1211 2105 forte,
1233 2054 1277 2093 rue
1301 2056 1358 2093 non
1373 2037 1483 2109 inrito,
1498 2038 1598 2107 malit,
1615 2038 1684 2095 κατὰ

118 2144 184 2197 tarn,
198 2124 386 2203 appellaverit
402 2122 584 2203 μειρακίσκην.
606 2126 714 2181 neusa.
732 2160 761 2173 -
775 2125 812 2181 23
833 2144 874 2200 sq.
919 2121 1082 2202 γράμματα·
1097 2121 1337 2198 quemadmodum
1349 2122 1397 2181 diu
1409 2139 1474 2183 ante
1481 2122 1595 2201 judices
1605 2138 1683 2189 sorte

117 2219 153 2274 sic
165 2217 195 2275 in
206 2220 243 2272 V.
258 2220 293 2271 ln
308 2216 343 2273 Θ.
359 2214 422 2270 Ald.
436 2214 484 2291 ὡρ.
503 2209 532 2269 tt
545 2211 713 2290 (νεωτερικῶς
729 2213 811 2271 addit
827 2217 875 2291 Θ.)
920 2213 996 2281 duci,
1014 2214 1101 2287 inque
1114 2228 1164 2267 sua
1174 2210 1296 2287 quisque
1310 2210 1461 2268 tribunalia
1475 2211 1548 2269 mitti
1561 2231 1682 2269 consue-

116 2300 303 2381 λεύπριπῶςῆ
319 2298 386 2360 κατὰ
399 2298 498 2380 καιρόν.
508 2300 604 2375 Pergit
617 2302 652 2359 Θ.
665 2304 743 2357 τοῦτο
761 2300 789 2358 δὲ
803 2291 874 2360 eleos
921 2304 1186 2371 veranuPraeteren
1198 2298 1306 2367 Potitus
1318 2296 1362 2355 tat
1375 2298 1548 2357 Γλαυκίππου
1560 2318 1683 2375 sequen-

116 2390 264 2470 οἱχίρσντις
272 2387 429 2454 ἀκοίσανιες
437 2390 500 2467 παρ’
512 2388 640 2457 αὐτῆς-
648 2388 685 2445 28
693 2386 874 2459 ἔνηίσιΡαιιι.
921 2387 998 2445 tibus
1009 2385 1217 2443 adnectendum
1227 2384 1346 2458 censuit,
1357 2386 1532 2463 suffragante
1543 2387 1683 2444 Kustero:

151 2482 219 2552 964,
234 2480 274 2535 32
288 2473 447 2552 ἐξιοχρίνων
459 2475 507 2546 Θ,
520 2475 571 2550 qni
583 2472 619 2531 38
634 2473 714 2531 ἄδικα
728 2472 828 2531 habet.
843 2510 875 2525 -
920 2495 973 2551 rgo
989 2474 1108 2533 Menrsii
1124 2474 1262 2531 cntionem
1277 2472 1428 2549 approbo,
1445 2474 1495 2550 qui
1512 2474 1615 2532 Latine
1629 2477 1684 2530 de-

117 2574 148 2632 4ι
163 2568 210 2621 τοῦ
221 2567 286 2643 ὁρᾶν
299 2561 467 2621 Schaeferns.
920 2565 982 2621 dit:
1003 2567 1099 2638 Inquit
1109 2567 1182 2617 car'm
1199 2562 1377 2617 Philochorus
1391 2560 1442 2617 snb
1460 2564 1622 2636 Gtourr'ppo.
1648 2566 1686 2617 Et

151 2672 219 2725 970,
232 2652 272 2719 45
287 2640 340 2709 οἶδε
352 2652 387 2705 V.
403 2650 439 2708 Θ.
453 2684 486 2697 -
497 2650 534 2716 46
548 2647 599 2727 ἄρα
615 2652 647 2705 V.
659 2684 691 2699 .-
704 2657 739 2719 47
751 2648 787 2713 ὡς
801 2652 875 2706 Μ.
919 2667 1031 2710 senatus
1047 2664 1102 2709 etc.
1121 2671 1128 2705 :
1144 2649 1237 2706 solent
1254 2649 1330 2705 enim
1346 2650 1522 2726 grammatici
1538 2670 1595 2708 nou
1611 2670 1685 2723 raro,

116 2742 207 2798 daim.
217 2746 264 2811 V,
279 2754 344 2817 post
354 2736 544 2819 msdwdrpsc
559 2741 640 2815 ροιιὶι
656 2745 692 2797 a.
706 2739 876 2796 «vocabulo
895 2779 901 2857 ,
920 2742 1057 2817 quoniam
1079 2736 1268 2795 Philochorus
1288 2736 1437 2794 historiam
1461 2756 1540 2795 snam
1561 2738 1684 2795 Atticam

116 2826 305 2908 πανδοκεύτρια
320 2827 456 2885 nimirum
477 2847 545 2886 usus
564 2829 655 2885 firerat
670 2827 876 2902 Aristophanes
920 2828 1078 2886 seecundum
1099 2844 1190 2882 annos
1212 2828 1322 2903 Regum
1338 2838 1424 2902 atque
1439 2826 1618 2883 Archontum
1639 2827 1686 2882 di-

117 2936 197 2993 supra
213 2935 241 2971 ν.
259 2916 328 2983 4ο6.
343 2916 391 2971 Sic
402 2926 432 2971 et
443 2912 588 2987 πανόπτης,
602 2911 763 2993 πανόπτριω
777 2934 877 2991 qnam-
920 2926 1055 2993 gesserat,
1063 2912 1107 2971 ε’πλ
1116 2910 1298 2984 Γλαυκίππου,
1307 2911 1351 2970 ἐπὶ
1363 2912 1480 2973 Καλλίου
1491 2912 1572 2969 rerbi
1585 2914 1685 2990 gratia,

117 3005 157 3060 ris
172 3003 280 3078 alioqui
298 3004 359 3061 vice
372 2999 527 3082 μαθητρίδος
540 3014 569 3058 et
582 3000 769 3081 ὀρχηστρίδος,
788 3001 877 3078 μαθή-
922 3018 1057 3080 tanquam
1081 3001 1220 3078 temporis
1242 3000 1365 3057 indicem
1382 3020 1415 3057 ao
1436 3000 1548 3058 titulum
1566 3020 1685 3076 ponere,

116 3114 185 3170 ιριαν
197 3103 226 3148 et
240 3090 403 3171 ὀρχήστραν
416 3090 512 3149 efferri
528 3110 586 3147 non
596 3088 708 3166 placeat
723 3089 878 3148 fastidiosis
921 3091 975 3151 suh
991 3110 1050 3168 quo
1062 3108 1107 3147 ren
1122 3086 1183 3167 ejus
1197 3088 1361 3145 testimonio
1372 3089 1541 3144 confirmata
1565 3089 1684 3164 reperiri

118 3180 258 3238 htticismi
282 3178 431 3255 magistris.
460 3182 492 3235 In
514 3178 551 3253 gt.
572 3181 663 3237 Dore.
684 3175 770 3235 scribi
793 3176 878 3236 debet
921 3184 1134 3258 queatverum
1147 3176 1499 3252 idemllleursiusquando
1513 3178 1686 3244 istaec,rohro

117 3267 249 3347 ψοίσιρια.
261 3294 274 3317 ν
285 3262 762 3343 Ηνιιετ.1λερ;.ι-ὤσπερμαίλητλς
772 3264 876 3341 καὶμα-
922 3266 949 3325 dl
966 3266 1011 3347 ἄρ’
1024 3265 1112 3346 ἑτέρου
1127 3262 1197 3323 ἐστὶν
1213 3266 1389 3343 ἑρμηνιῢσαι,
1411 3265 1451 3321 sic
1461 3264 1567 3321 latine
1585 3264 1684 3321 reddi-

117 3357 226 3431 θήτρια,
240 3350 416 3423 καὶαύληπλς
429 3350 475 3411 καὶ
488 3350 625 3433 αὖλήτρια.
647 3352 703 3425 Qui
717 3352 736 3406 Ι.
752 3342 876 3422 ὅοῆσθα.
922 3356 983 3427 dit,
1007 3356 1078 3410 illud
1093 3366 1186 3409 autem
1205 3350 1242 3407 ab
1260 3356 1316 3407 offo
1334 3365 1426 3426 potest
1437 3354 1590 3425 explicari,
1616 3352 1684 3425 qnid

153 3464 221 3518 97²,
235 3443 274 3497 52
293 3438 335 3499 'sl
348 3436 434 3505 ἔπινες
445 3440 508 3519 παρ’
519 3444 553 3497 V.
577 3466 589 3489 ι
602 3444 664 3497 Hoc
681 3439 779 3516 priore
792 3439 878 3497 scho-
923 3443 1056 3513 volnerit,
1072 3460 1189 3519 prossus
1206 3440 1308 3516 ignoro
1320 3460 1328 3496 r
1340 3458 1438 3496 sensus
1449 3451 1492 3496 est
1508 3439 1569 3496 sine
1581 3437 1684 3495 dubio:

118 3530 170 3598 lio,
188 3529 271 3605 qnod
287 3528 430 3585 vetustius
443 3528 617 3602 minimeque
636 3526 878 3585 contemnendum
922 3536 997 3587 r'llr'us
1011 3543 1114 3599 autem,
1128 3524 1213 3592 ίπινες
1224 3526 1252 3583 ἐν
1266 3528 1306 3606 τῷ
1317 3524 1469 3607 γράμματι,
1487 3527 1686 3600 iuteqrretomfr

117 3618 211 3673 linitur
232 3617 263 3673 in
281 3616 325 3672 his
348 3616 447 3673 verbis
469 3616 498 3690 (l.
514 3616 542 3670 fsl
559 3605 626 3695 ᾧᾶν
639 3612 763 3692 λάχωσι,
786 3618 880 3674 caruit
922 3625 1054 3675 rationem
1071 3618 1184 3671 affunde
1202 3618 1302 3671 ducere
1319 3618 1408 3670 licet.-
1427 3614 1498 3671 nihil
1520 3614 1575 3669 huo
1598 3612 1687 3681 aliud,

116 3704 206 3761 Suidae
220 3703 325 3773 codex,
339 3703 370 3760 in
382 3704 482 3780 paucis
498 3703 545 3759 ille
558 3700 674 3778 quidem
692 3701 729 3759 ab
740 3701 805 3759 edd.
821 3724 877 3769 no·
922 3725 1008 3783 ‹qrram
1020 3703 1219 3762 adsumentum
1231 3701 1311 3758 futile
1325 3700 1498 3759 scholiorum
1513 3699 1686 3769 collectoris,

116 3792 178 3846 stris
193 3788 364 3859 discedens,
387 3790 436 3845 sed
455 3808 519 3863 quae
538 3799 702 3845 tamennon
722 3789 879 3864 neglexisse
923 3793 973 3870 qni
992 3804 1070 3849 certe
1090 3788 1282 3865 opportunius
1298 3788 1346 3844 hio
1367 3788 1493 3845 columne
1513 3786 1583 3844 illud
1601 3784 1687 3849 ἄλλως

116 3897 210 3952 operae
223 3875 262 3932 sit
277 3873 423 3953 pretium:
441 3864 750 3954 Ἀλλόὐ-γρᾶρριατι,
763 3872 879 3956 ’Apsoro-
925 3879 1119 3956 interjecisset,
1134 3895 1220 3953 qnam
1232 3876 1359 3953 ineptam
1373 3875 1505 3932 luciniani
1521 3898 1527 3931 :
1543 3894 1607 3931 nam
1622 3894 1685 3930 ma-

116 3963 194 4044 φάνης
201 3961 440 4044 ἀντὶτοῦέδίιιαζες
450 3962 629 4040 (istarecidit,
639 3963 688 4040 qui
696 3964 879 4041 descripsisse
924 3968 1027 4027 oifesto
1045 3964 1142 4042 prodit
1153 3982 1184 4021 se
1198 3963 1364 4039 neutiquam
1380 3974 1539 4020 assecutum
1556 3980 1618 4017 esse
1636 3980 1686 4017 vc-

115 4048 878 4126 Soidamvidetur,Michhpostol.a,85,ettanqnaur
924 4055 991 4112 teris
1005 4052 1165 4111 scholiastae
1188 4063 1332 4120 mentem,
1362 4050 1412 4125 qui
1439 4062 1516 4106 recte
1539 4048 1686 4106 Comicnru

117 4140 230 4215 strigare
248 4137 434 4213 proverbium
449 4156 599 4214 exponens
617 4136 748 4209 addidit,
770 4136 814 4195 tat
827 4142 879 4196 τῶν
925 4140 1042 4217 intelligi
1062 4138 1123 4196 rnlt
1137 4158 1173 4195 ex
1192 4138 1242 4210 iis,
1259 4157 1324 4213 quae
1339 4136 1376 4194 de
1391 4134 1523 4212 judicum
1538 4133 1686 4191 sortitione

117 4224 293 4301 mel'
311 4227 335 4282 οἵ
354 4223 405 4304 γὰρ
420 4223 549 4297 Ἀθηνίῖθῑ
569 4222 641 4295 κατὰ,
664 4224 776 4304 γράμμα
798 4226 879 4296 tata-
924 4248 1011 4305 snpra
1026 4228 1140 4285 fuerant
1151 4224 1187 4282 ad
1202 4245 1229 4283 r.
1242 4246 1297 4296 ²77
1313 4224 1463 4302 praedicta‚
1478 4222 1527 4281 sed
1543 4242 1619 4278 istinc
1638 4244 1686 4277 ,ιω-

116 4318 203 4392 ροῦντο
224 4312 281 4370 ἀπὸ
291 4314 346 4370 τῶν
361 4310 377 4368 ι’
394 4312 481 4393 ρυλῶν
504 4313 620 4389 (omisso
636 4314 749 4371 numeri
770 4315 879 4372 denarii
925 4318 983 4373 lum
1000 4334 1037 4371 ex
1052 4312 1226 4373 Philochoro
1241 4312 1388 4391 prioribus
1406 4312 1486 4367 addit
1508 4328 1611 4365 rrorruu
1631 4308 1687 4365 oh-

115 4405 193 4477 signo
204 4400 313 4477 adjecit
325 4406 428 4477 Apost.
444 4398 507 4457 δέκα
520 4390 623 4471 δὲῆσαν
636 4402 662 4459 al
675 4400 782 4478 ρυλαί)·
797 4392 880 4472 οἶονὴ
924 4405 1114 4463 servationem
1130 4424 1137 4458 :
1155 4402 1252 4478 inqua
1265 4400 1344 4478 quod
1353 4400 1472 4475 legimns
1483 4400 1521 4477 τῷ
1532 4395 1583 4477 πρὸ
1594 4393 1686 4454 τούτου

115 4486 204 4567 πρώτη
215 4487 248 4546 τὸ
259 4487 332 4569 ἂν
345 4478 400 4565 εἶχε
412 4495 530 4563 σημῖθνν
544 4486 676 4568 ἡδῑυῒὲρα
689 4486 720 4546 rh
732 4492 759 4566 β,
772 4488 816 4547 καὶ
825 4491 882 4569 ἓρε-
924 4493 986 4575 ἔτει,
1001 4512 1059 4549 non
1073 4502 1116 4547 est
1134 4489 1240 4547 nullius
1257 4488 1405 4555 momenti,
1423 4506 1475 4543 uec
1492 4500 1597 4542 temere
1615 4506 1687 4564 pr·ae-

115 4574 334 4654 ξῆιμὲχρῑτοῧκ-
346 4578 458 4651 (Αροεῑ.
467 4573 646 4656 sluhach&
656 4574 763 4657 δευτέρα
773 4575 803 4634 τὸ
813 4580 880 4654 β’ἡτα
926 4578 1110 4639 tes-eundum:
1123 4575 1209 4635 debet
1222 4576 1298 4634 euim
1314 4574 1391 4632 haud
1400 4574 1481 4632 aliter
1488 4572 1589 4648 accipi,
1600 4591 1684 4648 quam

115 4654 167 4739 εἶχε
176 4672 290 4738 σημεῖον
298 4660 379 4741 μέχρι
389 4666 435 4719 τοῦ
445 4661 777 4743 κάππα.)δείιαγλρρυλῶν
786 4665 880 4737 οὐσῶν,
924 4670 946 4726 si
961 4668 1101 4743 scriptum
1120 4664 1207 4732 foret,
1224 4666 1262 4743 τῷ
1276 4662 1381 4743 προτοῦ
1393 4659 1513 4721 Πλούτου
1528 4658 1593 4732 ἔτει,
1607 4659 1684 4734 quud

115 4758 175 4817 δέκα
187 4758 310 4836 ἐγένοντο
321 4758 569 4837 δικασταίίλροιι.
584 4758 697 4837 ἐγίνοντο
709 4760 880 4843 δικαστήρια·
925 4759 1018 4834 ipsum
1044 4754 1164 4809 fortasse
1195 4772 1252 4807 nou
1279 4750 1371 4809 decrit
1409 4750 1458 4826 qui
1487 4746 1685 4825 reponendum

115 4866 198 4921 quam
204 4848 361 4903 lectionem
368 4847 474 4922 nequis
485 4859 590 4905 temere
598 4850 880 4924 spernataonsulen-
926 4844 1021 4920 potius
1035 4838 1197 4911 existimet,
1212 4838 1275 4908 vel,
1288 4835 1398 4917 πρὸτῆς
1413 4841 1459 4893 τοῦ
1476 4832 1594 4893 Πλούτου
1605 4834 1685 4891 καθὲ-
1706 4848 1708 4854 “

116 4934 167 4990 dus
177 4932 325 4991 estschol.
340 4931 375 4989 ad
386 4954 412 4989 ν.
420 4932 501 5011 277)·
513 4924 675 5012 ὁοῖίνλαχὼν
685 4933 716 4993 τὸ
728 4934 881 5015 ἄλραπρῶ-
925 4926 1004 4996 σεως·
1018 4947 1094 4985 rinno
1109 4937 1190 4999 ante,
1204 4944 1290 5003 quam
1302 4926 1399 4981 Plutus
1417 4924 1445 4981 in
1460 4942 1575 4981 scenam
1594 4921 1685 4979 fuerat

118 5021 204 5095 roefid
226 5033 273 5077 est
287 5021 315 5077 ἐν
332 5018 478 5101 τῷπριίιτῳ
489 5021 699 5104 δικαστηρίωτῷ
711 5021 809 5103 Ἄλφα)
827 5022 880 5081 ἐδί-
923 5019 1020 5086 dutus,
1038 5017 1111 5075 sient
1132 5016 1162 5071 in
1185 5012 1273 5069 schol.
1293 5011 1328 5069 nd
1346 5011 1460 5085 Lysistr.
1475 5030 1499 5067 r.
1517 5010 1613 5083 1096,
1634 5007 1685 5085 πρὸ

116 5111 185 5179 salt,
199 5107 246 5165 καὶ
262 5108 298 5182 (οἱ
313 5120 389 5164 recto
400 5110 558 5186 interponit
568 5109 680 5186 Apust.)
690 5108 765 5167 ἄλλοι
776 5109 880 5184 ὁμοίως.
924 5110 989 5168 ἐτῶν
1007 5104 1141 5183 τεσσάρων
1161 5104 1208 5172 τῆς
1226 5096 1354 5163 καθίσεως
1373 5095 1464 5159 τούτου
1479 5102 1525 5154 τοῦ
1538 5094 1678 5176 δράματος·

118 5197 195 5274 Τάχα
207 5186 255 5253 οὖν
270 5193 314 5266 oh,
331 5201 404 5277 ρησλ,
418 5196 536 5276 λαχοῦσα
550 5198 596 5255 οὐκ
609 5197 735 5271 ἕδίκαζες,
750 5197 809 5255 ἀλλ’
822 5196 878 5254 ἔπι·
925 5215 989 5253 ιιοιιι
1010 5191 1163 5269 ιΙοριιιιαΙε
1181 5188 1277 5246 editur
1291 5183 1460 5250 καταθέσεως.
1483 5192 1508 5241 Α
1523 5183 1606 5241 nobis
1628 5200 1681 5237 non

1504 5292 1545 5339 ³8.
