4100 6109
272 453 311 506 »⁴
854 438 1050 497 scnom
1076 439 1119 497 ΙΝ
1147 437 1297 498 NUBES.

313 586 422 667 (σεμναί
435 609 464 643 τε
477 584 533 643 θεαί
549 604 556 642 :
571 585 633 661 ίλῦχ
645 580 714 640 οὕτω
727 582 797 659 λέγει
812 579 858 646 τάς
875 581 994 662 Νεφελας
1012 603 1056 639 σε·
1104 580 1252 658 Αἰγύπτιος.
1265 581 1355 663 καιρὸν
1373 575 1417 642 σύν
1437 583 1515 664 εύρὼν
1535 585 1641 663 μνήμην
1659 591 1705 645 τσῦ
1723 586 1820 648 Νείλου
1836 609 1892 646 πε-

273 676 341 756 ρνὰς
351 672 410 742 θςδς
423 672 513 753 ὥσπερ
526 670 573 737 τάς
585 670 686 751 Ἐρινῦς
697 667 883 749 ἐκτρεπόμενοι
892 669 989 735 πάντες
1000 670 1058 728 όνο-
1102 669 1218 740 ποίηται.
1230 682 1260 728 V.
1272 670 1414 750 πρόχουσιν
1426 673 1462 744 δέ,
1475 673 1596 753 ἀγγείοις.
1610 705 1644 716 -—
1654 675 1798 756 πρόχοισιν
1812 676 1894 754 τἈγ-

275 764 356 842 μαστὶ
371 761 456 840 λέγειν
467 756 548 824 αύτάς
561 757 705 834 Εὐμενίδας
716 757 762 816 καὶ
774 755 873 833 σεμνάς
884 755 944 822 θεάς
954 777 1057 838 προση-
1102 757 1197 836 γεέοις,
1209 757 1330 836 ύδρείαις.
1339 763 1357 809 V
1357 761 1415 836 ιἐί.)
1673 781 1677 790 ·

272 850 410 932 φόμησαν,
422 847 453 906 τὸ
464 845 515 927 γὰρ
529 844 663 916 σιωπηλὸν
673 841 769 920 σεμνδν
782 843 957 921 λελόγισται.)
1145 846 1213 922 (εἰσ).
1231 843 1249 917 ἢ
1267 848 1388 906 Μαιῶτιν
1403 847 1499 926 λίμνην
1517 871 1525 909 :
1545 850 1611 931 Περί
1629 851 1727 922 ταύτης
1746 850 1896 932 Ἡρόδοτος

246 965 261 1003 5
314 932 557 1020 βροντησικέραυνοι
573 953 581 993 ε
596 930 755 1013 [Ἀλλήλσις
770 930 823 1012 γὰρ
839 930 1058 1013 προσερχομένων
1104 933 1142 1012 [ε,
1159 953 1209 1006 ιω,
1223 953 1273 1021 τεο,
1287 935 1336 1013 ιω]
1351 945 1477 1017 μαρτυρεῖ
1493 936 1588 1012 λίμνην
1605 928 1672 996 εἶναι
1684 939 1807 1006 Σκυθίας.
1824 937 1924 1010 [ἄειδε

272 1031 325 1086 τῶν
336 1027 460 1107 νεφελῶν,
470 1027 524 1104 πῦρ
535 1019 674 1090 ἐξάπτεται
683 1021 769 1090 ἀκτῆς
780 1023 880 1090 πυκνῆς
892 1017 1058 1099 έκτρίψεως]
1103 1025 1156 1079 τῶν
1169 1025 1296 1098 ποταμῶν
1309 1021 1336 1081 δέ
1353 1021 1477 1103 ἀρύονται
1495 1023 1565 1104 ὕδωρ
1584 1027 1619 1091 είς
1634 1030 1740 1107 χρῆσιν.
1757 1025 1800 1086 διά
1814 1029 1846 1087 δὲ
1862 1027 1897 1085 τὸ

272 1115 383 1196 [οἰκείως
396 1114 530 1171 κάνταῦθα
540 1112 579 1189 τῷ
588 1106 699 1188 έπιθέτιμ
710 1106 796 1186 τούτῳ
806 1105 942 1188 κέχρηται.
955 1107 1059 1165 δοκοῦσι
1104 1107 1210 1180 ἀδηλον,
1224 1111 1254 1168 ἀκ
1268 1108 1398 1190 διαφόρων
1412 1112 1488 1170 καλεῖ
1502 1110 1595 1184 αύτάτ,
1603 1110 1647 1170 ἵνα
1658 1115 1808 1194 πιστευθῶ]

273 1203 325 1284 γάρ
346 1225 401 1268 πως
422 1202 451 1258 αἱ
474 1197 580 1279 νεφέλαι
599 1195 782 1278 προδεικνύναι
801 1193 848 1254 καὶ
869 1193 1059 1274 προσημαίνειν
1144 1194 1263 1277 νιφόεντα
1276 1197 1414 1274 Μίμαντος
1428 1219 1435 1258 :
1449 1198 1503 1259 Τὸν
1521 1199 1561 1256 ἀελ
1575 1199 1721 1280 νιφόμενον.
1737 1181 1795 1282 όρός
1811 1201 1900 1282 Θρή-

272 1292 337 1368 ήμῖν
352 1287 412 1354 τεός
428 1311 457 1346 τε
476 1286 590 1367 ἀμόρονς
608 1284 655 1344 καὶ
673 1283 720 1352 τάς
737 1281 857 1364 χαλάζας
872 1287 919 1341 τοῦ
933 1285 1058 1365 ούρανοῦ,
1104 1307 1152 1355 κης
1165 1285 1191 1362 [ὁ
1206 1283 1307 1362 Μίμας.
1322 1284 1368 1342 καὶ
1387 1285 1510 1367 Ὅμηρος
1526 1293 1629 1359 [od.1'‚
1652 1295 1728 1360 1721«
1742 1287 1805 1369 παρ’
1826 1293 1897 1358 ἦρε.

236 1397 262 1436 ιιι
277 1377 319 1436 ότι
333 1382 430 1457 βροντᾷ
440 1375 486 1434 καί
500 1373 656 1456 ἀστράπτει.
717 1370 826 1438 Ἄλλως.
838 1373 868 1429 ἐκ
881 1373 933 1428 τῶν
945 1372 1059 1451 νεφελῶν
1104 1369 1200 1448 μόεντα
1214 1372 1350 1449 Μίμαντα.
1367 1375 1390 1451 ι]
1653 1379 1657 1386 ’
1916 1401 1940 1438 1⁰
2034 1372 2036 1404 Ἴ

274 1488 339 1547 φασι
351 1463 398 1530 τὰς
409 1461 546 1544 ἀστραπάς
557 1461 604 1520 καὶ
617 1459 726 1540 βροντάς
736 1459 867 1536 γίνεσθαι,
877 1457 1058 1538 συγκρουομέ-
1143 1459 1263 1539 νιφόεντα
1276 1479 1283 1519 :
1294 1459 1348 1530 Τδν
1364 1461 1404 1518 ἀεὶ
1415 1461 1561 1543 νιφόμενον,
1574 1484 1594 1542 χ
1596 1463 1760 1542 ιονιζόμενον.
1781 1474 1846 1522 Vm.
2035 1469 2036 1472 ’

273 1578 319 1620 νας
333 1558 453 1633 βροντᾶν,
463 1547 666 1630 συντρεθομένας
677 1546 861 1628 ἀστράπτειν]
1144 1549 1212 1626 (εει).
1234 1556 1358 1628 χαρεῖσαι
1370 1570 1376 1608 :
1388 1548 1563 1611 Ἡδυνθεῒσαι.
1577 1551 1743 1632 γρόφεταιδὲ
1756 1562 1897 1633 φανεῖσαι.

314 1661 362 1700 εσυ.
383 1639 493 1720 [ἀρθητε
517 1659 525 1696 :
546 1635 736 1716 Φυσικῶτερον
758 1632 891 1715 ἀχρήσατο
912 1630 997 1714 τούτῳ
1012 1635 1060 1715 ’τῷ
1103 1669 1142 1680 -
1156 1639 1299 1716 φανεῖσαιτ
1316 1635 1542 1718 Παραγενόμεναι.
1560 1652 1590 1697 E.

274 1728 357 1808 λόγῳ,
372 1723 569 1808 ἀρθητεέέπῶν,
582 1723 659 1784 οἱονεί
674 1722 813 1804 ἀπάρθητε.
825 1721 890 1803 φασί
901 1719 951 1801 γδιρ
963 1721 1010 1787 τάς
1020 1744 1060 1780 νε·
1141 1744 1191 1784 m.
1214 1721 1302 1782 ἀέναοι
1317 1722 1436 1804 Νεφέλαι
1458 1744 1465 1784 :
1483 1723 1533 1804 [Η
1555 1725 1698 1793 έπεισόδιος
1710 1725 1777 1798 αὕτη
1790 1727 1898 1810 στροφὴ

236 1831 262 1872 ιε
275 1815 401 1890 φέλαςείς
415 1813 479 1895 ῦψος
492 1812 613 1894 αἴρεσθαι
623 1814 682 1871 κατ’
695 1811 782 1890 ἀλίγον
794 1811 849 1869 ἀπὸ
865 1813 912 1882 τῆς
923 1808 1060 1889 γῆςήτῆς
1103 1810 1148 1869 καλ
1160 1809 1216 1892 ᾠδή
1228 1816 1274 1871 τοῦ
1288 1815 1369 1890 χοροῦ
1387 1809 1480 1870 κώλων
1491 1812 1547 1871 έστί
1563 1813 1611 1884 ις’,
1627 1805 1663 1872 ῶν
1682 1815 1715 1872 τά
1735 1820 1829 1896 πρῶτα
1847 1815 1898 1874 δύο
1914 1838 1938 1876 ιε
2033 1811 2036 1842 ²

274 1902 417 1974 θαλάσσης.
1103 1896 1248 1958 δακτυλικά
1265 1903 1463 1980 πενθημιμερῆ,
1482 1898 1500 1957 δ
1517 1902 1640 1959 καλεῖται
1654 1899 1840 1982 Ἆρχιλάχεια,
1860 1907 1899 1970 ῶς

313 1993 352 2071 τῷ
363 1992 502 2071 φροντιστῇ
514 2007 521 2047 :
534 1986 652 2048 Δύναται
664 1985 712 2046 καὶ
729 1985 774 2046 έπλ
787 1990 841 2044 τοῦ
847 1983 1003 2066 Σωκράτους
1013 1983 1060 2043 καί
1104 1985 1267 2066 Ἡφαιστίων
1281 1993 1315 2060 [p.
1330 1993 1367 2058 σε]
1384 1986 1460 2068 φησί,
1473 1984 1516 2045 διά
1527 1988 1558 2046 τδ
1569 1987 1613 2055 τδν
1628 1987 1780 2070 Ἀρχίλοχον
1791 1991 1899 2056 τούτοις

275 2080 319 2138 έπλ
332 2083 377 2136 τοῦ
396 2075 545 2158 πρεσόύτου
558 2079 682 2136 νοεῖσθαι.
698 2074 743 2134 lul
758 2073 808 2151 μέν
824 2079 870 2133 τοῦ
885 2071 1059 2154 Σωκράτως,
1103 2073 1254 2154 χρήσασθαι
1267 2075 1295 2132 έν
1307 2072 1409 2156 έπφιδῶ·
1423 2077 1458 2142 ὥς
1469 2073 1499 2132 τδ

274 2157 347 2245 ίναή
365 2165 530 2246 παρακαλῶν
544 2165 615 2241 αύτῷ
631 2165 745 2243 φανῆναι
760 2161 807 2228 τάς
822 2159 950 2241 Νεφέλας·
971 2159 1015 2219 ἐπὶ
1032 2157 1059 2218 δέ
1229 2215 1241 2263 γ
1265 2215 1349 2264 ΜΠ
1395 2214 1448 2273 ήδη
1552 2231 1556 2238 ,

235 2267 263 2306 εν
275 2257 322 2310 τοῦ
343 2251 477 2335 γέροντας,
500 2254 535 2318 ῶς
555 2250 608 2322 ήδη
627 2254 897 2331 συγκαταριθμοῦντος
917 2247 994 2307 αὐτὸν
1012 2253 1060 2307 τοῦ
1241 2232 1254 2262 ν
1350 2231 1394 2264 Μ
1450 2233 1469 2272 ς

275 2340 433 2420 Σωκράτους
443 2342 544 2420 τῷτῶν
557 2336 705 2420 φιλοσόφων
718 2336 861 2418 συλλόγῳ]
1105 2334 1160 2416 ἔχει
1175 2333 1202 2394 δὲ
1218 2335 1248 2394 τθ
1267 2337 1473 2419 πενθημιμερλς,
1488 2341 1524 2405 ὡς
1542 2339 1662 2418 εἴρηται,
1676 2339 1759 2409 πόδας
1778 2341 1825 2401 δύο
1847 2343 1899 2400 καί
1913 2367 1940 2406 ευ

314 2448 363 2488 εστ.
386 2425 468 2505 μήπω
478 2450 520 2505 γε,
531 2426 613 2506 μήπω
626 2450 657 2505 γε
669 2446 676 2486 :
690 2425 889 2503 (Ἀναδίπλωσις
897 2426 1017 2484 καλεῖται
1031 2425 1061 2484 τί)
1105 2423 1249 2494 συλλαύήν.
1262 2423 1292 2483 τδ
1300 2425 1325 2503 γ’
1336 2424 1527 2484 ἀναπαιστικόν
1537 2427 1725 2509 ἐφθημιμερές,
1733 2429 1748 2487 δ
1756 2432 1898 2502 καλεῖται,

275 2521 392 2575 τοιοῦτον
404 2519 499 2594 σχῆμα
514 2514 665 2592 τοῦλόγου,
680 2514 712 2573 τδ
726 2513 764 2580 δλς
778 2515 828 2580 τοῖς
844 2517 931 2579 αὐτοῖς
951 2511 1061 2590 ὀνόμασι
1105 2513 1140 2577 ὣς
1151 2511 1269 2594 εἴρηται,
1282 2511 1468 2593 παροιμιακόν.
1482 2512 1538 2592 έχει
1552 2514 1580 2572 δὲ
1594 2513 1676 2582 πόδας
1687 2516 1726 2592 γ’,
1738 2519 1785 2575 καὶ
1796 2521 1900 2578 συλλα-

274 2605 406 2686 χρῆαθαι).
426 2601 626 2684 παρεπιγραφή.
646 2601 824 2670 διπλασιάσας
840 2599 891 2680 γάρ
908 2600 938 2660 τὸ
956 2599 1060 2678 ίμοίτιον
1106 2597 1164 2670 δήν,
1181 2602 1216 2667 ὡς
1236 2598 1348 2678 είρηται.
1362 2597 1393 2658 τδ
1413 2600 1435 2658 δ
1452 2600 1608 2660 δακτυλικδν
1628 2601 1801 2683 τετράμετρον
1819 2609 1897 2664 ἀκα-

236 2703 263 2740 25
276 2688 465 2772 περιόαλέσθαι
485 2690 564 2771 φησὶν
585 2688 648 2748 αύτδ
666 2687 750 2748 θέλειν
770 2688 836 2770 ὑπὲρ
854 2691 900 2746 τοῦ
918 2687 1060 2747 σκέπεσθαι
1105 2685 1243 2759 τάληκτον·
1256 2685 1400 2746 δκαλεῖτατ
1411 2687 1458 2748 καί
1470 2687 1535 2748 αθτδ
1548 2687 1737 2770 Ἆρχιλόχειον.
1750 2691 1796 2751 καί
1807 2693 1900 2772 τούτῳ

276 2778 336 2861 [καλ
354 2773 431 2850 ήττον
447 2779 525 2836 αύτοῦ
543 2775 696 2837 καθικέσθαι
714 2775 758 2836 τδν
778 2776 850 2835 ὑετδν
865 2781 911 2836 τοῦ
930 2774 1060 2852 σώματος.
1106 2773 1155 2856 γάρ
1168 2773 1250 2842 οθτως
1263 2777 1290 2834 έν
1305 2777 1414 2856 ἐπῳδοῖς
1429 2775 1575 2855 ἐχρήσατο,
1588 2782 1623 2842 ύις
1638 2776 1800 2859 Ἡφαιστίων
1814 2783 1896 2862 φησί.
1914 2811 1939 2850 25

277 2865 357 2947 ἡγάρ
370 2865 441 2946 άρχή
456 2869 508 2925 τῶν
523 2863 666 2924 Διονυσίων
679 2868 809 2944 χειμῶνος
823 2863 925 2940 ἄγεται.
942 2895 971 2902 -
991 2863 1061 2922 πτύ-
1105 2861 1279 2944 τετράμετρον
1293 2861 1321 2922 δέ
1331 2862 1447 2944 είρηται,
1460 2862 1525 2922 διότι
1535 2861 1604 2922 κατά
1616 2866 1771 2941 μονοποδίαν
1786 2873 1899 2950 μετρεῖ-

278 2955 362 3032 ξωμαι
381 2973 388 3014 :
406 2951 505 3032 Ἠγουν
527 2952 702 3034 καλύψωμαι,
727 2952 916 3030 συσπάσωμαι.
944 2953 1057 3012 1ἰέ1.τ“ο
1105 2971 1149 3008 ται
1162 2949 1195 3008 τά
1208 2950 1361 3010 δακτυλικά.
1376 2949 1406 3009 τὸ
1420 2952 1440 3009 ε’
1453 2950 1678 3028 δμοισν.τδέκτον
1692 2953 1811 3035 θίμετρον
1824 2959 1899 3015 ἀκα-

276 3041 422 3110 πτύξασθαι
437 3044 469 3100 ἐκ
489 3050 639 3123 μεταφορᾶς
656 3039 758 3122 εἴρηται
769 3044 822 3099 τῶν
838 3039 985 3122 ζωοφύτων,
1002 3041 1063 3113 ήτοι
1106 3037 1246 3110 τάληκτον.
1264 3039 1294 3098 τδ
1308 3039 1329 3107 ζ’
1342 3037 1430 3116 όμοιον
1442 3043 1480 3120 τῷ
1492 3039 1618 3122 τετάρτῳ.
1631 3039 1662 3098 τδ
1673 3042 1716 3112 η’,
1729 3043 1759 3101 τδ
1769 3047 1790 3101 θΙ
1802 3045 1852 3102 καὶ
1866 3047 1900 3103 τὸ

237 3143 265 3182 σο
277 3129 422 3212 ὀστράκων,
434 3130 503 3211 ἀπερ
515 3133 593 3188 οἱονεί
605 3128 722 3208 πτύχας,
733 3129 793 3202 ἤτοι
804 3129 890 3196 πύλας
900 3127 935 3186 τά
944 3128 1062 3211 ὄστρακα
1107 3126 1124 3184 ι’
1136 3125 1223 3202 ὅμοια.
1239 3126 1269 3186 τὸ
1283 3127 1317 3185 ια’
1333 3125 1421 3203 όμοιον
1435 3131 1473 3207 τῷ
1488 3126 1593 3210 πρώτῳ·
1608 3129 1638 3187 τδ
1651 3129 1686 3187 ιδ’
1704 3133 1900 3190 ἀναπαιστικὸν

277 3218 385 3298 ἔχοντα,
406 3218 452 3276 καί
470 3223 554 3276 ταῦτα
574 3217 756 3290 συνάπτοντα,
777 3221 878 3285 ἑαυτοῖς
898 3224 1063 3297 περιποιοῦσι
1107 3213 1392 3296 πενθημιμερές.τδιγ’
1408 3215 1565 3275 δακτυλικθν
1575 3217 1712 3297 τρίμετρον
1726 3217 1795 3277 κατά
1811 3243 1899 3295 μονο-
1915 3248 1943 3286 m
2035 3263 2036 3270 ι

276 3305 306 3365 τὸ
318 3304 442 3385 ἀσφαλές.
456 3304 535 3385 Μαί]
1107 3303 1209 3362 ποδίαν.
1220 3303 1250 3362 τδ
1263 3303 1294 3362 ιδ’
1308 3301 1398 3381 ὅμοιον
1410 3306 1448 3384 τῷ
1460 3303 1493 3362 δ’·
1505 3302 1535 3362 τθ
1549 3306 1577 3362 ιε’
1589 3303 1687 3382 ὅμοιον·
1700 3306 1730 3364 τὸ
1742 3309 1773 3373 ις’

315 3416 364 3456 σοι.
387 3393 430 3472 (τὸ
450 3394 477 3452 δέ
499 3393 537 3470 μὴ
557 3397 638 3464 κυνῆν
659 3413 666 3453 τ
689 3392 913 3475 Περικεφαλαίαν,
934 3393 1062 3475 ἀγροίκων
1084 3425 1087 3434 v

276 3482 393 3565 φόρημα.
409 3481 489 3550 οὕτως
501 3481 529 3541 δέ
540 3480 652 3553 ἐκλήθη,
668 3480 758 3553 ἐπειδὴ
770 3486 875 3562 πρῶτον
886 3483 941 3540 ἀπὸ
951 3482 1062 3541 κυνείων

238 3594 264 3634 ις
278 3571 414 3652 δερμάτων
433 3563 473 3642 ήν.
497 3605 535 3615 -
556 3570 764 3651 περικεφαλαίαν
788 3571 847 3642 ήτοι
870 3569 1061 3646 καμηλαύκιον,
1108 3565 1296 3624 ἀναπαιστικόν
1309 3563 1661 3646 έφθημιμερέςδκαλεῖται,
1677 3566 1832 3648 ὡςείρηται,
1844 3593 1900 3628 πα-

277 3658 342 3740 φασλ
360 3655 388 3716 δέ
403 3657 435 3716 τὸ
457 3655 583 3738 πρότερον
605 3657 659 3716 ἀπὸ
678 3655 824 3733 καμηλείου
845 3655 971 3738 δέρματος
991 3657 1063 3736 γίνα-
1109 3652 1253 3731 ροιμιακόν.
1265 3652 1382 3734 ἔστιγὰρ
1394 3653 1467 3724 ειοινίΙ
1480 3652 1602 3726 συλλαόή
1616 3653 1900 3736 τδπιρ,διάτδέχειν
2035 3713 2036 3720 ,

277 3735 346 3810 σθαι.
356 3757 387 3804 V.
1108 3740 1252 3822 ἔμπροσθεν
1260 3746 1370 3818 φωνῆεν.
1380 3741 1423 3800 ln}
1433 3745 1471 3823 τῷ
1481 3741 1550 3800 τέλει
1559 3741 1744 3822 παράγραφος,
1755 3744 1800 3805 καί
1812 3746 1900 3815 διπλῆ
1917 3785 1944 3820 ³⁵
2035 3779 2036 3804 ι

316 3832 412 3912 έχοντα
425 3853 434 3892 ε
449 3834 492 3893 Οὐ
511 3831 599 3914 μωρὸν
616 3831 751 3908 δηλονότι,
763 3836 811 3893 οὐκ
827 3833 955 3913 ἀνόητονγ
976 3837 1063 3896 ἐλλει-
1108 3827 1160 3887 έσω
1177 3833 1325 3900 νενευκυῖα,
1340 3830 1456 3902 δηλοῦσα
1473 3829 1543 3909 ἔχειν
1561 3830 1744 3891 ἀνταπόδοσιν.
1768 3830 1901 3914 Ἄλλως]

1231 3444 1370 3506 τηλεσκόπῳ
1378 3443 1466 3506 ὄμματι
1476 3449 1546 3506 γαῖαν

277 3918 388 4001 πέςγάρ
403 3919 533 4000 είρηται.)
1108 3919 1197 3976 ἀέναοι
1220 3918 1337 3999 Νεφέλαι
1362 3939 1369 3979 :
1398 3917 1476 3978 Μετά
1497 3917 1545 3990 τήν
1570 3923 1616 3976 τοῦ
1635 3919 1790 4000 Σωκράτους
1812 3922 1900 4000 εὐχήν

238 4039 264 4076 4⁰
317 4029 366 4068 27⁰.
388 4007 598 4088 ήχωνοὸλήτοισι
621 3997 737 4082 κάθησθε
762 4031 770 4068 t
796 4011 1063 4093 Ἀντιπαρατάῃςται
1108 4009 1136 4064 αί
1151 4006 1266 4087 Νεφέλαι
1289 4005 1516 4088 παρακελεύονται
1537 4007 1612 4078 δῆθεν
1632 4011 1737 4074 ἑαυταῖς
1755 4013 1901 4080 πεισθῆναι

278 4095 392 4178 Ὁμήρῳ
404 4104 461 4168 [od.
474 4109 506 4168 z,
520 4104 556 4168 τι]
573 4095 676 4176 λέγοντι
1107 4119 1140 4172 τῃ
1162 4097 1298 4167 ἐπικλήσει
1321 4094 1366 4154 καλ
1382 4098 1614 4177 συναθροισθῆναι,
1631 4095 1675 4154 καὶ
1694 4094 1774 4161 οὕτως
1797 4099 1900 4177 ἐπιφα-

372 4227 528 4290 ossuum'vss',
535 4229 762 4292 &maiomam
771 4229 876 4293 {ww
1108 4187 1183 4290 νῆγαι
1196 4181 1392 4292 τῷγΣωκράτει.
1408 4185 1438 4242 ἐκ
1450 4181 1549 4289 τούτων
1567 4181 1593 4240 δέ
1614 4186 1628 4240 θ
1644 4181 1721 4288 χορὸς
1735 4181 1900 4254 συνέστηκεν

1109 4272 1199 4352 διοπερ
1208 4295 1253 4329 και
1264 4268 1312 4342 τήν
1322 4267 1469 4353 ἐπιγραφήν
1480 4293 1579 4340 ταυτην
1591 4269 1646 4349 ἔχει
1654 4293 1683 4328 το
1694 4271 1791 4349 δρᾶμα.
1804 4269 1900 4330 ἀέναοι

279 4346 439 4429 χιονόόλητα
456 4347 507 4428 γάρ
526 4347 560 4406 τδι
580 4348 670 4430 ὑψηλὰ
690 4353 742 4408 τῶν
764 4351 831 4430 δρῶν
853 4351 1017 4431 πληροῦσθαί
1035 4375 1063 4410 τε
1108 4355 1136 4416 δέ
1151 4361 1178 4415 αῖ
1193 4355 1235 4415 διδ
1250 4357 1347 4424 παντὸς
1361 4357 1480 4416 νέουσαι.
1494 4355 1589 4438 νεφέλη
1609 4355 1636 4416 δέ
1655 4359 1724 4416 ἐστιν
1740 4363 1756 4430 ή
1775 4358 1802 4427 έξ
1819 4359 1902 4438 ἀέρος

279 4437 324 4494 καλ
342 4438 474 4516 διατηρεῖν
491 4435 539 4507 τήν
557 4437 635 4516 χιόνα
655 4436 779 4518 πέφυκεν.
800 4437 907 4497 εἰώθασι
922 4439 951 4498 δέ
965 4440 1011 4499 καὶ
1029 4438 1063 4498 τίς
1108 4446 1153 4506 καί
1171 4445 1319 4523 πνεύματος
1339 4445 1415 4504 οὐσία
1433 4445 1603 4524 παχυνομένη
1622 4449 1812 4525 σωματοειδῶς.
1833 4447 1900 4528 [τοῦ

240 4553 266 4593 εει
280 4523 344 4605 νέφη
354 4523 453 4592 roffio&
467 4525 667 4605 {matema}
1108 4533 1135 4594 δέ
1149 4540 1228 4616 χοροῦ
1242 4532 1289 4601 τάς
1308 4536 1466 4616 ἑκατέρωθεν
1485 4534 1591 4612 λέγουσι
1605 4533 1747 4618 παρόδους,
1766 4533 1846 4602 οὔσας
1861 4537 1898 4604 ις’

319 4609 367 4672 Ὧί·
389 4611 450 4690 [εἶτ’
464 4612 593 4671 Ὠκεανοῦ
605 4612 705 4693 πατρὸς
718 4632 725 4672 2
738 4613 792 4673 Καὶ
804 4619 880 4673 τοῦτο
894 4613 1001 4696 φυσικόν
1012 4636 1060 4696 φη·
1108 4621 1208 4681 κώλων.
1225 4624 1277 4680 τῶν
1292 4621 1320 4680 δὲ
1336 4625 1482 4702 ύποκριτῶν
1497 4621 1584 4699 μέσων
1601 4622 1692 4694 ὄντοιν,
1712 4625 1741 4680 έιι
1760 4623 1860 4702 στίχων
1875 4627 1898 4694 ζ’
1917 4670 1945 4706 45

281 4723 330 4770 σιν,
350 4701 404 4757 ἀπὸ
424 4706 469 4758 τοῦ
490 4700 620 4761 Ὠκεανοῦ
641 4701 730 4760 πάντα
749 4701 793 4760 τὸν
811 4701 878 4783 ἀέρα
897 4701 946 4775 τήν
966 4704 1063 4775 νοτίαν,
1108 4709 1279 4768 ἀναπαίστων
1293 4708 1474 4790 τετραμέτρων
1486 4708 1710 4790 καταληκτικῶν.]

280 4786 328 4857 τάν
341 4785 440 4862 ίκμᾶδα
451 4787 498 4846 καί
509 4788 553 4847 τὸν
564 4789 637 4847 θετὸν
649 4787 750 4856 τθῦτθῑς
760 4788 952 4871 Ε’πῑχῠρηγῑῖν]
1149 4798 1247 4875 [καλῶς
1257 4789 1328 4856 εἶπεν
1339 4797 1436 4856 ἀέναοι.
1447 4796 1497 4856 είσί
1506 4795 1557 4878 γάρ
1565 4797 1666 4855 ύδοίτοεν
1677 4795 1797 4875 μητέρες.
1807 4800 1901 4878 ἀρθῶ-

323 4873 481 4954 (Νύμφαιςε
496 4875 588 4936 Λείπει
600 4881 617 4947 ἡ
631 4876 678 4936 σύν
690 4877 823 4950 Ἀττικῶς,
837 4878 883 4936 σὺν
900 4879 1043 4959 Νύμφαις.)
1110 4908 1158 4963 μεν
1176 4883 1216 4956 δὲ,
1232 4884 1468 4964 ἀνεπηδήσαμεν]
1484 4921 1522 4929 -
1536 4882 1623 4943 ἀέναοι
1640 4905 1648 4945 t
1663 4883 1715 4944 ’λεί
1729 4884 1834 4966 ῥέουσαι
1849 4887 1900 4944 καὶ

243 5004 269 5044 ,0
320 4981 368 5022 στα
391 4965 531 5043 (προχοαῖς
543 4985 551 5023 :
567 4964 689 5034 Λείπειή
706 4965 766 5042 έπί,
780 4965 824 5024 ἵνα
836 4958 854 5046 ή
866 4967 910 5025 ἐπὶ
922 4969 981 5034 ταῖς
995 4989 1063 5047 προ·
1110 4971 1260 5042 σεάζουσαι.
1280 4983 1342 5030 Vici.
2035 5031 2036 5056 γ

282 5055 357 5129 χοαῖς
373 5058 418 5110 τοῦ
436 5051 540 5111 Νείλου.
557 5087 597 5096 -
618 5056 734 5124 ζητεῖται
750 5053 778 5112 δὲ
796 5054 865 5121 τίνος
884 5054 970 5114 ένεκεν
986 5055 1065 5131 μόνον
1151 5061 1233 5141 ήμετά
1249 5059 1297 5132 τήν
1310 5067 1355 5120 τοῦ
1370 5061 1526 5142 Σωκράτους
1538 5061 1618 5140 εύχήν
1634 5063 1661 5120 αἱ
1678 5061 1794 5142 Νεφέλαι
1806 5085 1899 5140 παρα·
1916 5109 1943 5144 5„
2035 5117 2036 5140 γ

282 5146 329 5197 τοῦ
348 5139 445 5199 Νείλου
464 5140 605 5218 μέμνηται.
628 5140 668 5199 ότι
690 5145 857 5220 σεμνολογεῖν
880 5141 1028 5215 λεληθότως
1052 5147 1066 5201 ὁ
1112 5148 1260 5206 κελεύονται
1280 5151 1421 5222 ἀλλήλαις,
1442 5149 1511 5208 ὥστε
1529 5149 1678 5218 πεισθείσας
1702 5155 1735 5228 τῇ
1757 5153 1898 5223 ἐπικλήσει

284 5227 394 5299 ποιητής
415 5229 570 5304 βουλόμενος
590 5229 623 5287 τά
643 5231 701 5289 καθ’
721 5231 808 5290 αὑτόν·
825 5224 858 5304 ἧν
874 5231 926 5313 γάρ
944 5232 975 5290 τὸ
994 5231 1066 5312 γένος
1114 5236 1271 5316 Σωκράτους
1286 5241 1515 5318 συναθροισθῆναι,
1530 5237 1575 5294 καί
1590 5236 1669 5304 οὕτως
1684 5240 1756 5318 αὐτῷ
1772 5243 1896 5319 φανῆναι.

1916 4223 2036 4270 εοί
