4100 6109
320 455 359 508 »⁴
902 439 1094 498 εειιοιιι
1124 439 1167 498 ιε
1196 438 1345 498 Num.

360 588 469 670 (σεμναί
482 609 511 644 τι
524 586 581 644 θεαί
596 605 603 644 :
618 586 680 662 θύχ
692 581 761 642 οὕτω
775 582 845 660 λέγει
860 580 907 648 τθς
923 582 1042 662 Νεφέλας
1061 605 1104 640 σε·
1153 581 1301 660 Αἰγύπτιος.
1314 581 1403 664 καιρδν
1421 575 1465 642 α’ίν
1485 583 1564 664 εὑρὼν
1584 585 1690 664 μνήμην
1708 591 1754 645 τοῦ
1772 586 1869 648 Νείλου
1885 611 1933 646 πε-

321 677 389 757 μνδς
398 674 458 743 oea<
470 672 560 753 ῶσπερ
574 671 621 738 τδς
632 671 734 753 Ἐρινῦς
745 669 931 751 ἐκτρεπόμενοι
941 669 1037 736 πάντες
1049 672 1106 730 όνο-
1151 670 1266 742 ποίηται.
1278 683 1308 728 V.
1321 671 1462 751 πρόχουσιν
1474 673 1510 746 δέ,
1523 673 1644 754 ἀγγείοις.
1658 706 1693 717 -
1703 675 1847 756 πρόχοισιν
1860 697 1869 736 :
1881 677 1935 755 Ἀγ-

323 765 404 843 μειστῖ
418 762 504 841 λέγειν
515 757 595 826 αύτδις
608 758 754 836 Εὐμενίδας
764 759 811 817 καῖ
823 756 921 834 σεμνάς
932 756 992 824 θιάς
1003 779 1104 839 προση-
1151 758 1246 837 γείοις,
1257 757 1379 838 ὑδρείαις.
1388 761 1463 836 Ve'cl.)
1723 781 1726 790 ·

320 851 458 934 γόρεοσαν.
469 848 500 907 τδ
511 845 563 928 γάρ
577 845 711 916 σιωπηλὸν
721 843 817 922 σεμνδν
830 844 1005 922 λελόγισται.)
1193 847 1261 924 (τοι).
1280 845 1298 918 ῆ
1315 849 1436 907 Μαιῶτιν
1452 848 1549 927 λίμνην
1566 871 1573 910 :
1593 850 1660 931 Περί
1678 851 1776 922 ταύτης
1796 851 1936 934 Ἡρόδοτος

294 967 309 1005 ς
362 934 605 1020 βροντησικέραυνοι
621 954 629 994 :
644 931 803 1014 [Ἀλλήλαις
818 931 871 1014 γάρ
887 931 1106 1014 προσερχομένων
1152 935 1190 1013 [ι,
1206 955 1257 1006 wo,
1271 953 1321 1006 ιοο,
1335 936 1384 1014 ναι]
1399 945 1526 1018 μαρτυρεῖ
1542 937 1638 1013 λίμνην
1654 929 1720 996 εἶναι
1734 938 1859 1006 Σκυθίας.
1876 939 1961 1010 [ἀπὀι

320 1031 373 1087 τῶν
383 1027 507 1108 νεφελῶν,
518 1029 572 1105 πῦρ
583 1020 722 1090 ἐξάπτεται
731 1023 817 1092 ἀκτῆς
828 1023 928 1091 πυκνῆς
941 1017 1106 1100 ίκτρίήνεως]
1151 1025 1204 1080 τῶν
1217 1012 1344 1100 ποταμῶν
1357 1021 1384 1082 δέ
1402 1023 1525 1104 ἀρύονται
1544 1023 1613 1106 ύδωρ
1633 1029 1668 1092 είς
1683 1031 1790 1108 χρῆσιν.
1806 1025 1853 1085 διδ
1867 1029 1894 1086 δὲ
1908 1029 1937 1086 τὸ

320 1115 431 1196 [οἰκείως
444 1115 578 1172 κάνταῦθα
588 1113 627 1191 τῷ
636 1108 747 1190 ἀπιθέτῳ
758 1107 844 1189 τούτῳ
854 1106 991 1188 κέχρηται.
1003 1107 1107 1166 δοκοῦσι
1153 1107 1259 1180 ἀδηλον,
1273 1112 1303 1168 ίκ
1316 1109 1446 1191 διαφόρων
1460 1113 1537 1170 καλεῖ
1551 1111 1643 1184 αύτάς,
1652 1111 1696 1171 ἵνα
1707 1115 1860 1194 πιστευθῇ]

321 1203 373 1285 γάρ’
394 1225 450 1269 ποις
471 1203 500 1260 αῖ
521 1198 628 1281 νεφέλαι
647 1195 830 1279 προδεικνύναι
850 1195 896 1254 καί
917 1193 1107 1276 προσημαίνειν
1193 1195 1312 1278 νιφόεντα
1324 1198 1462 1276 Μίμαντος
1476 1220 1484 1259 :
1497 1199 1552 1260 Τὸν
1569 1199 1610 1258 ἀεῖ
1624 1200 1770 1281 νιφόμενον.
1786 1200 1847 1282 δρας
1864 1201 1940 1282 Θρά-

320 1293 385 1370 ήμῖν
400 1289 460 1356 τούς
476 1312 505 1348 τε
524 1287 638 1369 ἀμόρους
656 1285 703 1345 καί
721 1284 769 1352 τῖες
785 1283 905 1364 χαλάζας
920 1289 968 1342 τοῦ
982 1285 1107 1365 ούρανοῦ,
1152 1307 1200 1355 κης
1214 1285 1240 1363 [θ
1254 1284 1356 1363 Μίμας.
1371 1286 1417 1344 καί
1436 1285 1559 1370 Ὅμηρος
1575 1294 1631 1359 [od.
1646 1299 1678 1360 r,
1701 1297 1777 1361 1721«
1791 1289 1857 1369 παρ’
1878 1293 1938 1360 ἧος.

284 1401 309 1438 ιιι
324 1380 367 1439 ότι
381 1384 478 1459 βροντᾷ
488 1376 534 1435 καῖ
548 1373 704 1457 ἀστράπτει.
765 1371 875 1439 Ἄλλως.
886 1374 917 1430 ἐκ
929 1375 982 1430 τῶν
993 1373 1107 1452 νεφελῶν
1153 1371 1248 1449 μόεντα
1263 1373 1399 1450 Μίμαντα.
1415 1375 1439 1452 ι]
1702 1379 1706 1386 “
1954 1404 1974 1440 20

321 1491 387 1549 φασι
399 1465 446 1533 τάς
457 1462 594 1545 ἀστραπδς
605 1461 653 1522 καί
665 1459 774 1542 βροντάς
784 1460 915 1538 γίνεσθαι,
925 1459 1106 1539 ουγκρουομέ-
1191 1459 1311 1540 νιφόεντα
1325 1461 1397 1532 τΤδν
1412 1461 1453 1520 ἀεὶ
1463 1461 1609 1544 νιφόμενον,
1623 1463 1810 1542 χιονιῖόμενον.
1831 1475 1895 1523 vict.

321 1580 366 1622 νας
381 1560 501 1635 βροντᾶν,
511 1549 715 1632 συντριύομίνας
725 1548 909 1628 ἀστράπτειν]
1193 1551 1261 1626 (ενι).
1283 1557 1406 1630 χαρεῖσαι
1417 1570 1425 1609 :
1437 1549 1612 1612 Ἡδυνθεῖσαι.
1626 1551 1754 1634 γράφεται
1766 1552 1793 1611 δέ
1806 1563 1938 1633 φανεῖσαι.

361 1664 410 1702 σοι.
430 1641 541 1722 [ἀρθητε
565 1660 573 1699 :
594 1636 784 1718 Φυσικεύτερον
805 1636 939 1717 ἀχρήαατο
960 1631 1046 1716 τούτῳ
1069 1637 1108 1716 τῷ
1151 1669 1191 1680 -
1204 1641 1325 1718 φανεῖσαι
1340 1657 1348 1698 :
1365 1637 1590 1718 Παραγενόμενοι.
1609 1653 1638 1698 Ε.

321 1731 405 1811 λόγῳ,
419 1729 516 1810 ἄρθητε
527 1726 616 1799 εἰπὼν,
630 1725 707 1786 οῖονελ
722 1724 861 1805 ίπάρθητι.
873 1722 938 1804 φασί
949 1721 1000 1802 γάρ
1011 1721 1059 1789 τάς
1070 1745 1109 1780 νε·
1190 1744 1240 1784 ατε.
1263 1721 1351 1783 ἀέναοι
1366 1723 1484 1806 Νεφέλαι
1507 1745 1513 1785 :
1532 1724 1582 1805 [Ἠ
1603 1725 1746 1794 ίπεισόδιος
1759 1726 1828 1800 αῦτη
1842 1727 1939 1809 στροφὴ

283 1834 310 1874 ιε
322 1819 401 1893 φέλας
412 1820 449 1884 εἰς
463 1816 526 1898 ύφος
541 1814 661 1896 αίρισθαι
671 1815 730 1873 κατ’
743 1813 831 1892 ὀλίγον
842 1812 897 1871 ἀπὸ
913 1815 960 1883 τῆς
972 1814 1020 1890 γῆς
1032 1809 1049 1882 ῆ
1061 1815 1108 1883 τῆς
1151 1810 1197 1870 καλ
1208 1810 1265 1893 ᾠδή
1277 1817 1323 1872 τοῦ
1337 1815 1418 1892 χοροῦ
1436 1811 1529 1871 κώλυεν
1540 1813 1596 1872 ἐστὶ
1612 1814 1660 1886 ις’,
1676 1807 1712 1873 ῶν
1730 1816 1765 1873 τὰ
1784 1819 1881 1898 πρῶτα
1895 1817 1939 1875 δύο
1954 1840 1973 1878 ιι

322 1905 464 1977 θαλάσσης.
1152 1897 1297 1958 δακτυλικά
1314 1903 1512 1981 πενθημιμερῆ,
1530 1899 1548 1958 ἀ
1565 1903 1688 1960 καλεῖται
1703 1901 1890 1983 Ἆρχιλόχεια,
1907 1908 1940 1970 ὡς
2035 1925 2036 1958 ι

362 1995 400 2073 τῷ
411 1993 551 2074 φροντιστῇ
561 2009 569 2049 :
582 1987 699 2050 Δύναται
713 1988 760 2048 καί
777 1987 822 2048 lul
835 1985 1109 2068 τοῦΣωκράταοςκαλ
1153 1987 1316 2068 Ἡφαιστίων
1329 1993 1364 2062 [p.
1379 1993 1416 2059 ευ]
1432 1986 1509 2068 φησί,
1521 1985 1564 2046 διδ
1576 1988 1607 2047 τδ
1618 1987 1662 2054 τδν
1677 1988 1831 2070 Ἀρχίλοχον
1843 1991 1941 2056 τούτοις

323 2082 367 2139 ἐπὶ
380 2086 425 2138 τοῦ
444 2077 593 2160 πρεσόύταο
605 2082 730 2138 νοεῖσθαι
746 2076 791 2136 hcl
807 2075 856 2154 μέν
872 2081 919 2136 τοῦ
933 2073 1107 2156 Σωκράτους,
1152 2074 1302 2156 χρήσασθαι
1316 2076 1343 2133 έν
1355 2073 1458 2156 ίπῳδῷ·
1472 2079 1507 2143 ὣς
1518 2073 1548 2134 τδ

322 2159 395 2240 ἵνα]
414 2167 578 2248 παρακαλεῖν
592 2167 664 2244 αὐτῷ
679 2167 793 2245 φανῆναι
808 2163 855 2232 τάς
870 2161 998 2244 Νεφέλας·
1019 2161 1063 2220 ἐπὶ
1080 2159 1108 2220 δέ
1460 2215 1466 2230 ,
1600 2231 1604 2238 Ι

283 2269 311 2308 σο
323 2260 370 2313 τοῦ
380 2233 525 2337 ιγίροντος,
548 2256 584 2320 ῶς
603 2252 656 2324 ήδη
674 2256 946 2332 συγκαταριθμοῦνεος
965 2248 1042 2308 αιἰτθν
1062 2255 1108 2309 τοῦ
1278 2217 1303 2266 ἐν
1314 2216 1339 2265 ἃ
1349 2216 1519 2274 ΜΝ]

323 2342 592 2424 Σωκράταιςτῶτῶν
605 2339 753 2422 φιλοσόφων
766 2337 910 2420 συλλόγῳ]
1154 2336 1209 2418 ῖχει
1223 2335 1251 2396 δῖ
1266 2337 1297 2396 τδ
1315 2321 1522 2420 πενθημιμερές,
1537 2342 1572 2406 ὡς
1591 2338 1711 2418 εἴρηται,
1725 2339 1810 2408 πόδας
1830 2342 1877 2401 δύο
1897 2343 1940 2402 καί
1953 2369 1976 2406 ιο

362 2451 411 2490 εστ.
434 2427 516 2507 μήπω
526 2452 568 2508 γε,
579 2427 662 2506 μήπω
674 2451 704 2508 γε
717 2449 724 2488 :
738 2427 937 2505 (Ἀναδίπλωσις
946 2427 1065 2485 καλεῖται
1079 2427 1110 2486 τὸ
1154 2424 1297 2496 σολλαόήν.
1311 2425 1373 2504 τδγ’
1385 2425 1575 2485 ἀναπαιστικόν
1586 2427 1798 2510 ίφθημιμιρῖς,δ
1807 2432 1940 2502 καλεῖται,

323 2524 440 2577 τοιοῦτον
452 2521 547 2596 σχῆμα
562 2515 713 2594 τοῦλόγου,
729 2515 760 2574 τὸ
774 2514 812 2582 δλς
827 2516 877 2583 τοῖς
893 2519 979 2581 αὐτοῖς
998 2513 1110 2592 ὀνόμασι
1153 2515 1188 2578 ίις
1200 2511 1318 2595 είρηται,
1331 2513 1517 2594 παροιμιακόν.
1531 2513 1587 2593 ίχει
1601 2515 1628 2574 δὲ
1642 2513 1725 2583 πόδας
1736 2517 1776 2592 γ’,
1789 2519 1837 2576 καί
1850 2521 1942 2578 συλλο·

322 2607 454 2686 χρῆσθαι).
474 2603 674 2685 παρεπιγραφή.
693 2603 873 2670 διπλασιάσας
888 2601 939 2683 γάρ
956 2602 987 2662 τ“ο
1004 2601 1109 2680 ἱμάτιον
1154 2598 1214 2671 δήν,
1229 2603 1265 2668 ὡς
1284 2599 1396 2679 εἴρηται.
1411 2600 1442 2660 τὸ
1461 2601 1483 2659 δ’
1501 2601 1657 2661 δακτυλικθν
1677 2603 1855 2684 τετράμετρον
1873 2610 1939 2664 ἀκα-

284 2705 310 2742 25
323 2689 513 2774 περιόαλέσθαι
533 2691 612 2773 φησίν
632 2689 696 2750 αθτδ
715 2689 799 2750 θέλειν
819 2690 885 2771 ὑπέρ
902 2694 948 2748 τοῦ
967 2689 1109 2748 σκέπεσθαι
1153 2686 1293 2760 τάληκτον·
1304 2686 1448 2747 δκαλεῖταε
1460 2687 1507 2746 καῖ
1518 2688 1583 2748 αὖτδ
1597 2688 1787 2769 Ἆρχιλόχειον.
1800 2692 1848 2751 καί
1860 2693 1942 2773 τούτῳ

324 2780 384 2862 [καί
401 2774 479 2852 ἧττον
494 2781 573 2838 αὐτοῦ
591 2777 745 2838 καθικέσθαι
763 2777 807 2837 τδν
827 2779 899 2837 ὑετὸν
913 2781 959 2837 τοῦ
979 2776 1108 2854 σώματος.
1154 2775 1204 2856 γάρ
1217 2774 1299 2843 ούτως
1312 2779 1338 2836 ῖν
1354 2778 1463 2858 ίπῳδοῐς
1477 2775 1623 2856 ίχρήσατο,
1637 2784 1672 2844 ἀις
1687 2777 1852 2860 Ἡφαιστίων
1868 2783 1938 2862 φησί.
1954 2812 1975 2850 25

325 2867 405 2950 ἡγάρ
418 2867 489 2948 ἀρχή
504 2871 556 2926 τῶν
571 2866 715 2927 Διονυσίων
728 2869 857 2948 χειμῶνος
871 2865 973 2942 ἄγεται.
990 2897 1020 2904 -
1041 2865 1110 2924 πτύ-
1152 2862 1328 2946 τετράμιτρον
1342 2862 1369 2923 δέ
1380 2863 1495 2946 εἴρηται,
1509 2863 1574 2923 διότι
1584 2863 1652 2924 κατά
1665 2867 1823 2942 μονοποδίαν
1838 2874 1942 2950 μετρεῖ-

326 2957 410 3034 ξωμαι
429 2975 437 3016 :
454 2953 554 3034 Ἠγουν
575 2955 750 3037 καλύψωμαι,
776 2954 965 3032 συσπάσωμαι.
993 2957 1054 3013 Vicl.
1074 2955 1105 3014 τὸ
1154 2973 1198 3010 ται
1211 2950 1410 3012 τδδακτυλικά.
1424 2951 1455 3010 τί)
1469 2952 1488 3010 ε’
1502 2950 1600 3029 δμοιον.
1613 2951 1727 3012 τδέκτον
1741 2953 1864 3034 δίμετφον
1878 2959 1942 3014 α’κα-

324 3043 470 3112 πτύξααθαι
486 3046 517 3104 ἔκ
538 3053 687 3126 μεταφορᾶς
704 3042 806 3124 εἴρηται
818 3047 869 3101 τῶν
887 3041 1034 3124 ζωοφύτων,
1052 3043 1112 3116 ήτοι
1154 3040 1295 3112 τάληκτον.
1313 3039 1343 3100 τδ
1357 3041 1378 3109 ζ’
1391 3039 1479 3119 ὅμοιον
1491 3043 1530 3122 τῷ
1541 3040 1667 3123 τετάρτῳ.
1681 3039 1711 3100 τδ
1722 3043 1765 3115 η’,
1779 3041 1810 3102 τὸ
1820 3047 1843 3102 θ’
1855 3045 1901 3102 καὶ
1914 3047 1943 3103 τὸ

285 3147 313 3185 ³⁰
324 3131 470 3214 ὀστράκων,
483 3132 551 3213 άπερ
564 3136 642 3191 οῖονεί
654 3131 770 3212 πτύχας,
782 3131 842 3204 ῆτοι
853 3131 938 3199 πύλας
949 3128 983 3189 τά
993 3131 1110 3213 όστρακα
1156 3129 1172 3187 ι’
1185 3127 1272 3204 ὅμοια.
1288 3129 1318 3188 τδ
1331 3129 1365 3187 ια’
1382 3127 1470 3206 ὅμοιον
1483 3131 1522 3209 τῷ
1537 3128 1642 3210 πρώτῳ·
1657 3130 1687 3188 τδ
1700 3129 1735 3188 ιό’
1752 3133 1942 3190 ἀναπαιστικόν

325 3221 433 3300 ἔχοντα,
454 3219 500 3278 καί
518 3226 603 3279 ταῦτα
622 3221 804 3292 συνάπτοντα,
826 3223 927 3286 ἑαυτοῖς
947 3225 1111 3299 περιποιοῦσι
1156 3215 1355 3296 πενθημιμερές.
1366 3217 1395 3275 εδ
1408 3219 1440 3296 ιγ’
1457 3217 1614 3276 δακτυλικδν
1624 3216 1760 3298 τρίμετρον
1775 3218 1847 3278 κατὰ
1863 3243 1942 3296 μονο-
1956 3249 1979 3286 οι

324 3309 354 3368 τὸ
366 3307 491 3388 ἀσφαλές.
504 3307 583 3388 Μαί]
1155 3303 1257 3362 ποδίαν.
1269 3303 1299 3363 τδ
1312 3303 1342 3362 ιδ
1356 3301 1447 3382 όμοιον
1459 3307 1497 3385 τῷ
1508 3305 1542 3363 δ’·
1554 3304 1584 3364 τὸ
1597 3307 1626 3363 ιε’
1638 3303 1736 3383 όμοιον·
1749 3305 1780 3365 τὸ
1792 3311 1825 3374 ις’

363 3419 413 3458 εον.
435 3395 479 3474 (τὸ
498 3396 525 3454 δέ
547 3396 585 3474 μή
606 3401 688 3467 κυνῆν
707 3417 714 3456 :
738 3395 962 3478 Περικεφαλαίαν,
983 3395 1111 3476 ἀγροίκων
1133 3426 1135 3434 ·

324 3485 442 3566 φόρημα.
456 3484 538 3553 ούτως
550 3484 578 3543 δέ
589 3483 701 3557 ἐκλήθη,
716 3484 807 3556 ἐπειδὴ
819 3489 924 3565 πρῶτον
935 3485 990 3543 ἀπὸ
1000 3484 1110 3543 κυνείων
2034 3557 2035 3562 ¹

286 3597 313 3636 τε
326 3573 463 3653 δερμάτων
480 3564 522 3645 ῆν.
546 3609 584 3618 -
605 3571 812 3654 περικεφαλαίαν
836 3571 895 3644 ήτοι
918 3571 1110 3649 καμηλαύκιον.
1157 3563 1710 3647 ἀναπαιστικδνίφθημιμερίς·δκαλεῖται,
1726 3567 1944 3650 ὡςεῖρηται,πα·
2034 3567 2035 3604 3

325 3660 390 3741 φασί
408 3658 437 3718 δέ
452 3659 484 3718 τὸ
506 3657 633 3742 πρότερον
654 3659 707 3719 ἀπὸ
726 3657 873 3738 καμηλείου
893 3656 1020 3740 δέρματος
1040 3659 1112 3738 γίνε-
1158 3653 1302 3732 ροιμιακόν.
1314 3653 1370 3713 ἔστι
1379 3653 1431 3735 γάρ
1442 3654 1516 3724 κοινοίΙ
1529 3653 1651 3727 συλλαόῆ
1665 3655 1821 3737 τθπῳ,διά
1832 3657 1863 3715 τὸ
1875 3657 1943 3737 ἔχειν
2034 3695 2035 3738 γ

326 3752 395 3812 σθαι.
404 3760 436 3807 v.
1157 3741 1301 3823 ἔμπροσθεν
1309 3747 1419 3819 φωνῆεν.
1428 3743 1471 3802 ἐπὶ
1482 3746 1520 3824 τῷ
1530 3742 1599 3802 τέλει
1608 3743 1793 3824 παράγραφος,
1804 3745 1852 3806 καὶ
1865 3747 1944 3814 διπλῆ
1957 3783 1980 3817 3,
2034 3741 2035 3820 1

365 3834 460 3913 έχοντα
474 3855 483 3895 ε
499 3837 541 3896 θῦ
560 3835 648 3917 μωρὸν
665 3833 799 3908 δηλονότι,
811 3837 859 3896 οὐκ
875 3835 1004 3914 δνόητονγ
1024 3837 1111 3896 ἐλλει-
1156 3828 1209 3888 ἔσω
1225 3833 1374 3902 νενευκυῖα,
1389 3831 1505 3902 δηλοῦσα
1521 3829 1592 3912 ἔχειν
1610 3831 1793 3892 ἀνταπόδοσιν.
1818 3831 1943 3912 Ἄλλως]

325 3921 437 4003 πίςγδρ
452 3921 581 4002 εἴρηται.)
1157 3919 1245 3977 ἀέναοι
1269 3919 1386 4000 Νεφέλαι
1411 3939 1417 3979 :
1447 3917 1525 3980 Μετά
1545 3919 1594 3991 τήν
1618 3925 1665 3977 τοῦ
1684 3919 1842 4000 Σωκράτους
1864 3921 1943 4001 εὐχήν

287 4042 313 4079 ιη
366 4031 415 4071 ατο.
436 4010 647 4091 [χιονοόλήτοιοι
670 3999 785 4084 κάθησθε
811 4031 818 4070 t
845 4011 1112 4094 Ἀντιπαρατάττεεαι
1157 4009 1184 4066 αί
1199 4006 1315 4088 Νεφέλαι
1338 4007 1564 4088 παρακελεύωται
1586 4007 1662 4080 δῆθεν
1681 4011 1786 4074 ἑαυταῖς
1805 4015 1944 4080 πεισθῆναι

327 4098 441 4180 Ὁμήρῳ
454 4107 510 4170 [θεῖ.
523 4111 554 4170 Ζ,
568 4106 605 4170 ιε]
621 4097 724 4177 λέγοντι
1155 4101 1189 4174 τῆ
1210 4097 1347 4168 ίπικλήσει
1369 4094 1415 4154 καί
1431 4099 1663 4178 συναθροισθῆναι,
1679 4095 1724 4154 καί
1742 4094 1825 4162 οὕτως
1849 4099 1944 4177 ἐπιφα·

1156 4187 1231 4255 νῆναι
1245 4189 1282 4266 τῷ
1296 4183 1441 4265 Σωκράτει.
1457 4185 1487 4242 ίκ
1499 4181 1597 4242 τούτοιν
1615 4181 1642 4242 δὲ
1662 4187 1676 4242 δ
1692 4182 1770 4264 χορθς
1784 4183 1942 4255 συνέστηκεν

1158 4272 1248 4353 διόπερ
1257 4271 1301 4332 καί
1313 4269 1361 4343 τήν
1371 4269 1518 4354 ἐπιγραφήν
1529 4269 1628 4341 ταύτην
1639 4270 1695 4351 ἔχει
1703 4271 1732 4329 τὸ
1743 4273 1842 4350 δρᾶμα.
1856 4271 1944 4330 ἀέναοι

327 4348 488 4430 χιονόόλητα
505 4349 556 4430 γάρ
575 4349 609 4408 τά
628 4348 718 4432 ὑψηλδ
739 4355 790 4410 τῶν
812 4353 879 4432 δρῶν
901 4352 1066 4431 πληροῦσθαί
1084 4375 1112 4411 τε
1157 4356 1185 4417 δὲ
1200 4362 1227 4416 αῖ
1241 4357 1284 4417 δεδι
1298 4357 1396 4426 παντὸς
1410 4358 1529 4417 νάουσαι.
1542 4357 1638 4438 νεφέλη
1657 4357 1686 4416 δέ
1704 4361 1806 4430 ἐστινὴ
1826 4359 1853 4428 ἐξ
1871 4360 1945 4438 ἀέρος

328 4438 373 4498 καί
391 4439 523 4519 διατηρεῖν
540 4437 588 4509 τὴν
606 4439 683 4518 χιόνα
703 4436 828 4521 πέφυκεν.
848 4438 955 4499 είῶθασν
971 4439 999 4499 δί
1015 4441 1060 4501 καί
1079 4440 1113 4499 r&
1157 4447 1202 4506 καί
1220 4446 1368 4524 πνεύματος
1388 4447 1463 4506 οὐσία
1482 4446 1652 4526 παχυνομένη
1671 4449 1864 4525 σωματοειδῶς.
1885 4447 1945 4528 [τοῦ

288 4556 315 4595 ιε
328 4527 393 4608 νέφη
403 4525 503 4593 τούτοις
516 4527 715 4607 mmmm]
1157 4534 1185 4595 δέ
1198 4541 1277 4616 χοροῦ
1291 4533 1338 4602 τάς
1357 4538 1515 4618 ἑκατέρωθεν
1534 4535 1640 4612 λέγουσι
1653 4534 1796 4618 παρόδους,
1815 4534 1897 4608 οὔσας
1911 4537 1943 4602 ις’

367 4613 415 4674 θῖί-
438 4613 499 4693 [εἶτ’
513 4614 641 4674 Ὠκεανοῖο
654 4613 754 4695 πατρὸς
766 4635 773 4674 :
787 4615 841 4675 Καὶ
853 4621 929 4675 τοῦτο
942 4615 1051 4698 φυσικόν
1062 4637 1110 4697 φη·
1157 4621 1257 4681 κώλων.
1274 4625 1326 4681 τῶν
1341 4622 1369 4680 δὲ
1385 4627 1532 4703 θποκριτῶν
1546 4621 1633 4700 μέσων
1650 4623 1741 4694 ὄντων,
1760 4625 1791 4682 ἐκ
1809 4624 1909 4704 στίχοιν
1923 4627 1943 4694 ζ’
1958 4669 1981 4705 ⁴5

330 4725 379 4773 σιν,
399 4703 454 4760 ἀπὸ
473 4708 518 4761 τοῦ
539 4703 668 4763 Ὠκεανοῦ
689 4703 778 4762 πάντα
797 4704 842 4762 τὸν
859 4703 926 4787 ἀέρα
945 4704 995 4777 τήν
1014 4705 1112 4776 νοτίαν,
1157 4709 1328 4768 ἀναπαίστων
1342 4709 1523 4792 τετραμέτρωε
1535 4709 1759 4791 καταληκτικῶν]

329 4789 377 4860 τήν
390 4789 489 4866 ἰκμάδα
501 4790 547 4848 καὶ
558 4790 602 4849 τὸν
613 4790 686 4849 ὑετὸν
698 4790 798 4858 τούτοις
808 4791 999 4874 ἐπιχορηγεῖν]
1198 4799 1297 4876 [καλῶς
1307 4789 1378 4856 εἶπεν
1388 4799 1485 4858 ἀέναοι.
1496 4797 1546 4856 είσῖ
1555 4795 1606 4878 γάρ
1613 4797 1715 4856 ὑδάτων
1726 4795 1847 4876 μητέρες.
1859 4801 1946 4878 ἀρθῶ-

372 4875 530 4958 (Νύμφαιςε
545 4877 637 4938 Λείπει
649 4883 666 4950 ἡ
680 4878 727 4937 σύν
738 4879 872 4952 Ἀττικῶς,
886 4881 933 4938 σὺν
948 4881 1092 4962 Νύμφαις.)
1159 4909 1206 4964 μεν
1224 4884 1265 4958 δέ,
1281 4885 1516 4965 ἀναπηδήσωμεν]
1532 4921 1570 4930 -
1584 4883 1673 4944 ἀέναοι
1689 4907 1697 4945 :
1712 4885 1763 4944 Ἀελ
1778 4885 1884 4966 ῥέουσαι
1900 4887 1944 4944 κεῖ
2033 4875 2034 4886 ¹

291 5007 318 5047 ,0
370 4983 417 5024 ενα
440 4967 579 5044 (προχοαῖς
592 4985 600 5026 :
616 4966 738 5037 Λείπειὴ
755 4967 815 5044 ίπί,
829 4966 872 5026 ίνα
885 4960 903 5048 ᾖ
915 4968 959 5027 ἐπί
971 4971 1030 5036 ταῖς
1044 4992 1112 5050 προ·
1159 4973 1309 5042 στάζουσαν.
1331 4985 1392 5031 Vici.

330 5057 406 5133 χοαῖς
422 5059 467 5112 τοῦ
485 5053 589 5113 Νείλου.
606 5089 646 5098 -
666 5059 782 5126 ζητεῖται
799 5055 828 5114 δέ
845 5056 914 5123 τίνος
933 5056 1019 5116 ἕνεκεν
1035 5058 1114 5134 μόνον
1199 5061 1281 5142 [μετά
1299 5062 1347 5134 τὴν
1360 5069 1405 5120 τοῦ
1419 5062 1575 5143 Σωκράτους
1587 5061 1667 5141 εὐχήν
1682 5065 1710 5120 αῖ
1727 5061 1843 5142 Νεφελαι
1856 5086 1945 5140 παρα·
1959 5107 1981 5140 5„
2033 5117 2034 5124 ,

331 5149 377 5201 τοῦ
397 5141 493 5201 Νείλου
513 5141 654 5220 μέμνηται.
676 5143 717 5202 ότι
739 5146 907 5221 σεμνολογεῖν
930 5143 1076 5216 λεληθότως
1101 5149 1115 5203 ὁ
1160 5149 1310 5208 κελεύονται
1330 5153 1470 5222 ἀλλήλαις,
1491 5149 1560 5209 ὥστε
1578 5149 1726 5218 πεισθείσας
1751 5155 1784 5228 τῇ
1807 5153 1945 5223 ἐπικλήσει
2033 5193 2034 5222 γ

332 5229 443 5303 ποιητής
464 5230 620 5307 βουλόμενος
639 5231 672 5290 τά
692 5233 750 5291 καθ’
769 5233 858 5291 αὑτόν·
875 5225 907 5305 ῆν
924 5233 975 5314 γὰρ
993 5234 1023 5292 τὸ
1044 5233 1115 5312 γένος
1162 5237 1321 5318 Σωκράτους
1335 5241 1564 5320 συναθροισθῆναι,
1579 5238 1624 5295 καῖ
1638 5236 1717 5303 οὕτως
1732 5240 1804 5318 αὐτῷ
1822 5243 1943 5320 φανῆναι.
2033 5249 2034 5306 ἢ

1280 3443 1595 3507 τηλνονὸονόννννενῑεν

421 4227 576 4294 Οὔλυμπόνδ’,
584 4231 619 4278 ὅθι
629 4231 687 4294 φασί
694 4231 752 4279 θεῶν
760 4231 810 4288 ἕδος
819 4231 925 4295 ἔμμεναι.
1957 4233 1980 4269 ⁴⁰
