4100 6109
282 495 313 537 tv
956 470 1156 530 l‘llAEFthl)

281 610 400 687 puerilis
421 608 607 666 institutionis
629 626 727 666 caussa
752 606 878 663 scribere
901 602 1044 675 solebant,
1092 604 1177 677 (caret
1192 602 1266 659 enim
1279 599 1585 678 Tltesmophoriazusis
1595 613 1624 657 et
1637 602 1853 679 l.ysistrata]t,a

282 698 358 759 velut
372 695 408 761 dc
419 696 634 753 constructione
649 692 738 751 verbi
753 700 907 773 κατηγορεῖν
924 690 960 749 ad
970 690 1044 747 Plut.
1091 693 1188 747 hlarco
1197 692 1319 747 Musuro
1329 689 1458 749 Cretensi
1472 699 1580 761 curata,
1594 690 1645 765 qui
1657 689 1714 747 hoc
1725 691 1754 747 in
1765 711 1852 770 opcre

283 804 356 859 919,
378 782 416 842 de
436 781 529 841 verbo
546 783 617 859 ὀχεῖν
631 779 666 837 ad
679 784 749 839 Rau.
766 782 821 852 οδ,
847 780 883 837 dc
896 776 1047 839 Centauris
1089 774 1189 833 cadem
1204 788 1333 833 versatus
1349 786 1393 833 est
1413 774 1528 834 levitate
1548 794 1635 853 quam
1657 796 1695 833 ex
1712 777 1853 837 Athenaeo

280 872 351 930 ibid.
367 872 412 930 tt.
428 872 603 939 Glossemata
618 868 810 927 interlinearia
822 864 1046 944 copiosahabet,
1089 875 1118 921 et
1133 861 1274 938 Hesychia
1286 863 1410 941 turpiter
1421 863 1457 923 ab
1467 884 1503 922 eo
1516 864 1697 941 interpolatis
1709 867 1853 943 cognitam

281 981 344 1037 quae
371 960 405 1017 ad
430 959 544 1015 Plutum
566 956 745 1033 frequentius
769 976 854 1031 quam
877 954 911 1012 ad
938 965 1046 1011 ceteras
1091 952 1238 1011 habemus.
1264 957 1328 1031 lpse
1340 953 1377 1011 dc
1389 973 1478 1031 opera
1492 955 1522 1013 iu
1535 954 1653 1013 scholiis
1667 953 1705 1012 ab
1719 974 1750 1013 se
1760 956 1855 1033 posita

283 1046 392 1104 fabulas
404 1044 545 1123 apposui,
560 1062 723 1120 quanquam
742 1043 773 1099 iu
784 1044 828 1101 his
842 1062 959 1119 quoque
974 1039 1046 1097 nihil
1091 1040 1151 1098 haec
1166 1060 1258 1117 pauca
1271 1041 1389 1099 tradidit
1408 1044 1437 1100 iu
1460 1042 1626 1121 praefatione
1648 1063 1655 1099 :
1674 1038 1737 1101 «Τὰ
1753 1041 1777 1101 δ’
1789 1045 1855 1100 ὑπο-

282 1134 366 1192 omisi
375 1132 455 1212 quod
471 1133 528 1189 ullo
542 1130 630 1189 modo
642 1132 713 1189 utile
722 1152 784 1189 esse
797 1144 902 1208 posset.
918 1134 951 1187 ln
962 1128 1047 1186 Pluto
1091 1126 1218 1205 μνήματα
1230 1126 1307 1186 ταυτί
1324 1129 1370 1187 καὶ
1383 1127 1463 1189 πόνου
1475 1130 1575 1189 πολλοῦ
1593 1128 1639 1188 καὶ
1661 1128 1756 1210 χρόνω
1774 1129 1856 1189 idciro

282 1243 339 1279 uon
351 1241 454 1299 pauca,
464 1218 769 1297 quaeHemsterhusius
781 1238 817 1276 ex
826 1219 885 1277 suis
897 1214 1047 1275 codicibus
1091 1220 1203 1297 μακροῦ,
1220 1212 1244 1273 εί
1258 1240 1298 1283 τις
1309 1216 1447 1297 αὗτδπρδς
1460 1215 1490 1275 τδ
1505 1219 1605 1298 βέλτιον
1615 1217 1855 1300 ίγχιιροίημιδαρ-

284 1311 378 1368 urinus
392 1307 551 1368 emendatis
565 1306 711 1381 ediderat,
727 1308 840 1365 correxi
853 1318 882 1364 et
898 1304 1047 1373 nonnulla,
1092 1306 1225 1383 μόσασθαι
1248 1310 1350 1386 σχῆμα.
1377 1299 1414 1367 in
1440 1309 1548 1391 θατέρου
1570 1308 1617 1387 μὲν
1638 1309 1855 1389 ἐπικρατήσομεν

282 1419 347 1475 quae
361 1400 402 1457 illi
417 1396 630 1476 inexplicabilia
645 1395 837 1469 videbantur,
861 1392 1048 1453 laurentiani
1091 1392 1177 1454 καίτοι
1198 1394 1342 1475 κρείττονος
1360 1396 1378 1465 ἢ
1398 1396 1493 1479 ρι’ρειν.
1517 1398 1578 1480 περὶ
1600 1399 1688 1459 στενὸν
1703 1398 1732 1459 δέ
1748 1422 1794 1477 μοι
1809 1418 1856 1457 κο-

283 1485 348 1544 libri
374 1506 430 1565 ope
454 1484 597 1565 expedivi.
624 1484 773 1543 Vocabula
793 1480 1048 1541 Graeco-barbara
1092 1483 1157 1561 μιδῆ
1172 1479 1262 1541 drot
1271 1482 1365 1563 χρόνου
1378 1482 1484 1558 συνίόη.
1499 1488 1529 1545 οὗ
1544 1484 1595 1566 γδρ
1611 1485 1689 1565 μόνον
1700 1484 1748 1552 ab<
1760 1486 1855 1563 {lutti-

283 1575 336 1632 aevi
350 1575 435 1651 longe
449 1594 534 1651 quaun
552 1576 704 1631 Ravenuas
715 1585 745 1631 et
756 1576 884 1630 Venetus
904 1568 1048 1627 inferioris
1092 1592 1145 1635 σεις
1166 1569 1290 1652 συνείρειν
1310 1571 1532 1654 ἠργολσόήσαμιν
1550 1573 1703 1656 πιρορμίνα
1722 1573 1804 1648 τέως,
1821 1578 1858 1641 ὥς

284 1665 390 1741 passim
408 1664 510 1737 inlert,
528 1676 559 1721 ut
574 1660 714 1743 τριτζίριον
732 1661 768 1721 ad
784 1662 856 1721 Plut.
874 1680 946 1733 172,
958 1672 987 1719 et
1002 1661 1049 1728 ζα·
1092 1656 1150 1715 teo
1166 1680 1216 1715 που
1230 1658 1275 1716 καὶ
1292 1658 1375 1731 αὐτοὶ,
1390 1658 1457 1718 ἀλλὰ
1471 1660 1517 1719 καὶ
1530 1661 1692 1730 τυτοιδιίσας
1704 1662 1756 1735 ἤδη
1769 1663 1857 1721 ἐπιτε-

284 1750 445 1829 ρομόγοολον
460 1751 530 1809 ibid.
546 1754 611 1811 266.
1091 1744 1232 1825 τρᾶμμεθα
1247 1746 1379 1827 διορθοῦνΙ
1396 1751 1424 1806 al
1440 1748 1467 1806 δδ
1485 1751 1538 1807 τῶν
1561 1750 1754 1831 γαλκογρόροιν
1768 1749 1856 1831 ἁμαρ-

324 1840 517 1897 Laurentiauo
532 1840 622 1898 altero
632 1840 686 1919 (Γ.)
702 1860 769 1899 usus
783 1861 846 1898 sum
862 1836 897 1897 ad
908 1835 1049 1895 Ecclesia·
1094 1833 1146 1891 τίαι
1162 1832 1263 1910 κόρηνά
1277 1836 1329 1893 rior
1344 1836 1452 1917 λερναῑα
1464 1840 1512 1908 τῆς
1531 1839 1698 1918 παλιμφυοῦς
1712 1836 1790 1919 όδρας
1806 1860 1858 1897 το-

279 1946 374 1986 ausas.
395 1932 526 1985 Laconas
540 1926 627 1986 habet
640 1948 699 1985 non
719 1948 823 2005 paucas
837 1940 866 1985 et
881 1925 951 1984 uilril
971 1943 1049 2003 prae-
1093 1920 1280 2004 λυτλοκόιτερα
1306 1924 1352 1981 καὶ
1375 1926 1423 1995 τῆς
1440 1922 1532 1984 Ἰόλεω
1559 1925 1708 2007 ἐπικουρίας
1736 1925 1856 2004 δεόμενα.

284 2014 348 2071 buit
365 2014 443 2093 quod
455 2035 514 2073 non
533 2036 549 2074 e
571 2022 739 2075 Ravennate
755 2018 814 2095 peti
838 2013 973 2093 potuerit.
998 2018 1050 2073 Est
1092 2002 1147 2088 όσιρ
1159 2008 1213 2088 γὰο
1224 2006 1513 2091 ίξεκόπτομεν,τοσῷδε
1524 2011 1627 2077 πλείους
1644 2012 1858 2093 ἡμῖνάνιρόοντο

283 2104 449 2161 chartaceus
463 2103 551 2161 seculi
566 2106 661 2182 quarti
671 2104 784 2163 decimi.
798 2108 900 2161 lu'sunt
911 2112 1049 2179 praeterea
1094 2096 1176 2153 τοῦτὸ
1186 2093 1235 2172 μὲν
1249 2096 1433 2172 μσταόόλλιιν,
1442 2097 1474 2157 τὸ
1485 2096 1736 2178 dispendiosum
1751 2100 1774 2159 δ’
1784 2103 1858 2181 σίραι-

285 2191 387 2249 fabulae
398 2193 544 2270 quinque,
560 2192 609 2251 sed
622 2194 692 2271 ipsae
706 2208 823 2270 quoque
834 2192 905 2249 locis
919 2190 1050 2269 plurimis
1095 2186 1195 2263 ροῖσθαι
1207 2185 1260 2241 τῶν
1270 2184 1406 2264 στοιχείων
1422 2186 1549 2268 ἀρορμαί.
1558 2216 1570 2240 ν
1586 2192 1622 2247 Et
1632 2188 1663 2245 iu
1675 2189 1858 2267 linearium,

284 2279 419 2347 alafracta,
439 2280 656 2356 Acharuenses,
677 2278 811 2357 Equites,
829 2284 920 2351 hves,
939 2282 1049 2355 Vespae,
1093 2298 1105 2322 ·
1117 2270 1316 2355 Ἀριστοφάνους
1326 2275 1474 2355 κωμῳδιῶν
1487 2274 1553 2333 tat-alr
1566 2266 1627 2353 (has
1639 2278 1719 2350 dicit,
1732 2277 1858 2352 Plutum,

286 2371 365 2437 Pax,
397 2385 462 2424 cum
490 2366 666 2425 scholiorum
698 2369 842 2445 excerptis
866 2366 1051 2424 vitiosissime
1094 2360 1343 2433 Nubes,1tanas,
1357 2364 1496 2440 Equites,
1510 2364 1726 2436 Acharnenses,
1741 2371 1859 2445 Vespas,

284 2456 398 2533 scriptis
418 2468 446 2511 ct
469 2454 540 2513 nihil
558 2474 679 2533 usquam
694 2456 763 2515 boni
787 2453 1050 2533 suppeditantibus,
1095 2448 1180 2521 hves)
1196 2447 1306 2508 καὶτῶν
1322 2448 1448 2516 είεαῦτᾶς
1460 2451 1574 2531 σχολίυν
1590 2452 1709 2532 ἀρχαίοις
1725 2453 1859 2513 συντεθέν-

285 2542 363 2617 quod
386 2562 444 2599 uon
468 2561 502 2599 ex
526 2540 606 2599 libris
628 2542 840 2621 antiquioribus
858 2542 895 2599 ab
917 2560 961 2599 me
977 2544 1049 2600 sumi
1094 2569 1146 2605 τοιν
1162 2554 1378 2625 γραμματικοῖς,
1402 2545 1420 2603 δ
1438 2544 1470 2619 δὴ
1490 2547 1624 2629 σποράδην
1643 2550 1671 2607 ἐν
1693 2548 1860 2630 ἀντιγράφοις

286 2631 423 2707 potuerit.
1095 2632 1203 2711 κείμενα
1229 2630 1361 2716 διαφόροις
1386 2633 1432 2692 καὶ
1453 2631 1625 2717 περορμόνως
1642 2634 1806 2695 αυνεῦίαταί
1830 2660 1860 2695 τε

325 2718 545 2777 hlediolanensis
570 2720 647 2795 (tt.)
674 2718 866 2796 bombycinus
895 2733 939 2777 cst
963 2719 1050 2777 seculi
1094 2719 1139 2796 καί
1159 2724 1196 2789 ὡς
1221 2713 1274 2779 οἷόν
1300 2721 1324 2779 τ’
1346 2713 1379 2793 ἦν
1403 2720 1598 2800 ἐπιμελέστατα
1621 2722 1768 2803 διώρδωται
1787 2722 1861 2805 παρὰ

284 2808 378 2885 quarti
402 2806 515 2865 decimi.
548 2812 651 2865 Insunt
669 2808 789 2881 Plutus,
818 2808 932 2880 Nubes,
952 2813 1050 2881 Ranae,
1095 2806 1368 2890 ΜοίρκουΜουσοιίρου
1381 2814 1425 2869 τοῦ
1436 2808 1571 2889 Κρητός.»
1587 2809 1707 2888 Majoris
1720 2813 1859 2870 momenti

286 2897 401 2971 nequies
412 2928 425 2969 ,·
437 2900 512 2953 Ares
530 2916 596 2953 cum
611 2897 754 2973 excerptis
767 2898 943 2956 scholiorum
963 2897 1051 2955 morlo
1094 2909 1162 2954 suut
1173 2916 1239 2973 quae
1258 2916 1294 2954 ex
1308 2895 1436 2955 editione
1455 2898 1519 2976 ipsa
1532 2916 1598 2956 curn
1617 2899 1725 2957 uostris
1739 2920 1860 2978 compa-

284 2983 475 3063 umplioribns
496 2984 582 3043 modo
599 2984 798 3058 brevioribus,
815 2986 974 3063 exquibus
993 3006 1049 3064 po-
1095 2996 1157 3043 rata
1171 2984 1322 3043 codicibus
1334 2984 1431 3061 colligi
1443 2996 1574 3062 possunt.
1597 2991 1694 3063 Atque
1707 2987 1777 3045 illud
1792 2988 1859 3065 qui-

280 3076 387 3132 tiorem
410 3072 541 3130 ltrctionis
562 3074 757 3132 diversitatem
779 3074 815 3131 aul
832 3078 924 3132 Ranas
947 3074 1049 3131 attuli:
1086 3071 1159 3135 aletn
1173 3072 1240 3130 satis
1251 3071 1432 3130 manifestum
1443 3084 1497 3146 est,
1508 3072 1621 3147 Aldum,
1632 3086 1663 3131 ut
1675 3076 1705 3133 in
1715 3076 1861 3155 plerisque

279 3181 319 3218 ex
335 3180 393 3238 qua
403 3160 578 3237 intelligetur
587 3160 716 3219 codicem
729 3164 860 3239 quamvis
872 3164 1050 3222 ertrcndatio-
1094 3160 1230 3218 omuibus
1245 3160 1420 3237 scriptorum
1442 3158 1620 3219 editionibus
1640 3162 1747 3221 lactum
1766 3162 1806 3222 ab
1825 3184 1862 3223 eo

285 3270 346 3307 rem
356 3248 520 3326 exenplari
533 3248 660 3323 Aldina,
684 3262 778 3309 tamen
802 3251 966 3311 inferiorem
989 3274 1051 3311 esse
1095 3247 1242 3319 videmus,
1260 3249 1301 3305 ita
1315 3247 1520 3326 Aristophanis
1532 3268 1650 3327 quoque
1661 3270 1721 3308 non
1733 3264 1860 3310 vetustas

286 3339 746 3416 Ravennatevenetoqueetnihil
758 3338 1049 3419 utilepraeberequod
1094 3338 1285 3414 anquisivissc
1299 3335 1498 3409 membranas,
1522 3337 1574 3396 sed
1594 3339 1759 3398 recentibus
1774 3340 1858 3400 codi-

287 3447 344 3485 non
359 3426 397 3486 sit
410 3424 514 3484 abillis
528 3424 609 3484 libris
623 3440 804 3505 occrtpatum.
1094 3422 1178 3483 ribus
1195 3425 1374 3495 chartaceis,
1388 3426 1574 3501 quantumvis
1589 3427 1720 3500 vitiosis,
1742 3430 1785 3488 uti
1800 3446 1863 3487 ma·

326 3515 475 3573 Proximus
487 3525 553 3591 post
562 3512 785 3593 librosscriptos
798 3516 878 3575 locus
890 3518 986 3575 Suirlre
996 3520 1050 3575 de·
1095 3515 1199 3585 luisse,
1220 3514 1269 3591 qui
1282 3514 1332 3571 vili
1351 3516 1446 3591 pretio
1467 3513 1569 3572 haberi
1582 3517 1764 3591 correctique
1777 3529 1862 3595 typo·

286 3605 380 3673 betur,
390 3602 582 3679 quimagnam
591 3602 765 3661 scholiorum
774 3616 885 3682 partem
898 3605 926 3661 in
938 3605 1050 3663 lexicon
1096 3602 1182 3659 thetis
1193 3601 1266 3660 tradi
1281 3600 1408 3679 possent,
1427 3600 1504 3659 libro
1517 3614 1613 3660 autem
1627 3604 1705 3681 typis
1716 3605 1863 3683 exscripto

286 3712 369 3750 stium
384 3690 540 3760 transtulit,
553 3689 719 3763 codicibus,
737 3703 769 3748 ut
780 3710 858 3749 nunc
869 3692 1050 3751 manifestum
1096 3702 1230 3767 tauquam
1247 3690 1318 3748 nulli
1335 3686 1458 3767 amplius
1467 3689 1534 3747 usui
1546 3690 1636 3748 t'uturi
1649 3690 1861 3768 abjicerentur:

287 3782 327 3854 fit,
340 3798 408 3837 usus
425 3777 474 3854 qui
485 3777 646 3835 Ravennati
659 3782 828 3856 venetoque
841 3778 976 3837 simillimi
992 3782 1052 3839 loe·
1096 3776 1171 3835 unde
1188 3776 1270 3836 facile
1288 3778 1427 3855 explicari
1441 3789 1537 3854 potest
1551 3777 1631 3855 quod
1647 3778 1789 3838 editiones
1809 3780 1861 3837 hl-

286 3880 371 3926 runt:
385 3879 415 3923 ut
428 3885 486 3922 non
501 3865 663 3923 mirandum
674 3864 715 3922 sit
728 3866 865 3925 lectiones
877 3887 972 3935 verus,
987 3889 1051 3945 quae
1094 3864 1178 3937 dinae,
1191 3866 1215 3924 si
1224 3867 1261 3924 ad
1271 3865 1385 3924 codices
1395 3866 1556 3942 exigantur,
1566 3885 1624 3923 nou
1635 3878 1692 3923 tam
1704 3886 1771 3925 cum
1780 3865 1862 3925 libris

286 3956 382 4016 Soidae
396 3953 522 4031 propriae
534 3953 609 4024 sint,
629 3966 693 4030 post
708 3973 845 4013 excussos
859 3954 895 4013 ab
911 3957 994 4016 nobis
1014 3957 1050 4014 li-
1096 3956 1216 4012 vetustis
1225 3974 1313 4031 quam
1323 3975 1390 4034 cum
1402 3954 1559 4013 chartaceis
1572 3955 1664 4013 intimi
1676 3955 1730 4012 aevi
1742 3974 1864 4013 cousen-

287 4044 356 4103 bros
370 4042 434 4100 illos
449 4041 498 4097 vix
510 4053 553 4097 tot
564 4040 690 4119 singulas
701 4062 850 4120 superesse
863 4057 935 4123 quot
951 4058 1050 4103 cente·
1096 4042 1150 4100 tire
1158 4044 1352 4121 reperiuntur,
1366 4042 1588 4101 necmirandum
1601 4042 1785 4121 exemplaria,
1796 4043 1863 4120 qui-

287 4153 337 4190 nas
349 4151 384 4189 ex
401 4149 436 4187 eo
454 4140 551 4205 petere
567 4129 731 4205 potuissent
746 4132 860 4206 priores
874 4132 1052 4191 scholiorum
1096 4129 1151 4189 bus
1168 4130 1260 4190 xtdns
1275 4150 1344 4190 usus
1358 4144 1421 4205 est,
1441 4132 1481 4189 ita
1493 4131 1645 4190 evanuisse
1659 4144 1691 4188 ut
1707 4131 1757 4188 vix
1770 4150 1860 4188 unum

287 4222 430 4293 editores,
444 4218 467 4275 si
481 4217 620 4295 praeclaro
632 4216 688 4275 hoc
702 4219 828 4295 antiquar
839 4218 972 4279 lectionis
987 4223 1051 4280 the·
1095 4220 1277 4297 alterumque
1287 4220 1452 4296 investigari
1465 4217 1615 4297 aposteris
1627 4218 1772 4294 potuerit:
1783 4217 1862 4294 quod

287 4326 374 4367 sauro
396 4304 563 4382 diligentius
585 4306 626 4362 uti
655 4306 817 4365 voluissent.
852 4309 934 4367 Licet
964 4310 1052 4388 igitur
1097 4307 1125 4364 in
1145 4307 1246 4367 codice
1260 4308 1397 4383 Hesychii
1420 4308 1570 4366 Marciano
1593 4306 1721 4383 propitia
1744 4304 1860 4363 iortuna

289 4397 370 4454 valde
390 4395 539 4452 imminuta
554 4412 630 4450 nunc
645 4394 682 4450 sit
696 4394 791 4452 Suidae
807 4396 934 4468 utilitas,
958 4412 1051 4457 tamen
1095 4397 1209 4457 accidit.
1235 4398 1373 4457 Codicum
1395 4418 1464 4457 vero
1484 4396 1689 4475 Aristophanis
1710 4401 1863 4454 ahlusoro

288 4505 383 4563 opera
400 4481 524 4559 pretium
539 4500 599 4539 esse
617 4482 717 4559 putavi
736 4483 888 4542 lectionem
908 4484 970 4563 ejus
991 4488 1052 4564 ple-
1091 4506 1298 4565 expressorum
1308 4506 1398 4563 genus
1412 4484 1522 4563 duplex
1538 4484 1610 4541 luit:
1627 4484 1674 4541 alii
1688 4483 1765 4541 euim
1778 4483 1862 4541 scho-

289 4592 410 4651 rumque
433 4586 591 4646 annotare,
617 4591 708 4648 quum
736 4574 892 4651 prasertim
921 4576 1051 4634 nonnihil
1092 4576 1326 4635 ‘liaveterasunt
1346 4573 1510 4651 complexi,
1530 4571 1580 4631 alii
1598 4572 1862 4631 recentissimomm

288 4661 463 4720 conierutad
474 4660 606 4718 codicum
621 4673 785 4720 nostrorum
801 4663 870 4721 vitia
882 4666 1053 4743 corrigenda
1097 4665 1348 4741 grammaticorum
1360 4662 1560 4721 annotationes
1580 4658 1784 4737 praebuerunt,
1807 4680 1860 4717 co·

288 4768 315 4808 et
331 4749 506 4807 vicissimex
528 4748 599 4823 ipsis
619 4748 762 4807 interdum
783 4752 929 4811 emendari
951 4756 1053 4831 possit,
1098 4754 1238 4832 piosiores
1253 4752 1288 4810 ad
1300 4752 1425 4823 Plutum,
1437 4749 1546 4820 Nubes,
1560 4754 1666 4821 nanas,
1678 4768 1743 4827 quae
1757 4748 1862 4807 tabtttae

290 4841 368 4899 velut
388 4856 410 4895 s.
431 4856 457 4893 v.
479 4836 750 4913 ἐγκεκορδυλημένος,
773 4838 823 4896 ubi
840 4841 956 4918 Cypriae
976 4846 1054 4900 vocis
1098 4840 1293 4922 preeuntibus
1316 4839 1511 4918 grammaticis
1530 4837 1695 4913 Byzantinis
1721 4848 1782 4894 turn
1804 4836 1862 4894 serr·

289 4925 403 5008 κορδίλη
419 4925 497 4981 testis
509 4922 631 4981 affertur
644 4923 738 5004 Κρίυιν
751 4927 778 4985 ἐν
790 4924 816 4984 α’
830 4929 881 4986 τῶν
900 4930 1054 5009 ῥητορικῶν,
1098 4931 1165 4988 solae
1191 4928 1307 4987 tractari
1328 4927 1357 4985 ia
1378 4926 1485 4985 scholis
1506 4924 1656 4997 solebant,
1676 4924 1801 4981 rariores
1827 4922 1861 4979 ad

289 5014 368 5094 quod
392 5031 477 5071 nemo
497 5009 643 5068 dubitabit
665 5014 736 5089 quin
759 5034 793 5072 ex
816 5015 925 5073 scholio
940 5022 1054 5076 Veneto
1098 5018 1223 5095 reliquas
1241 5016 1406 5075 comoedias.
1428 5018 1540 5071 Horum
1560 5011 1701 5070 librorum
1724 5010 1861 5068 scholiaa

290 5098 686 5177 Nrrb.'rocorrigendumsit
701 5102 873 5180 Κυπριοκῶν.
1053 5120 1056 5127 ·
1098 5112 1217 5164 Musuro
1238 5124 1296 5162 non
1317 5123 1383 5161 raro
1399 5106 1438 5161 ita
1455 5115 1522 5160 suut
1547 5100 1745 5180 conglutinata
1771 5110 1805 5155 ut
1825 5096 1862 5156 ab

330 5200 407 5251 inter
421 5189 511 5251 libros
521 5189 597 5267 typis
610 5190 764 5266 impressos
775 5193 866 5269 prima
878 5207 921 5251 est
930 5194 1053 5253 scholio·
1099 5192 1340 5269 uuo·eodemque
1364 5191 1552 5269 grammatico
1577 5190 1686 5265 scripta
1708 5185 1859 5244 videantur

292 5302 355 5343 rum
376 5279 467 5339 editio
488 5278 591 5337 xtdtna
613 5298 638 5335 a.
665 5282 862 5351 1t98novem
891 5282 1052 5342 fabularum
1075 5272 1162 5360 'qnae
1180 5280 1335 5339 multorum
1349 5281 1512 5338 seculorum
1523 5277 1676 5337 intervallo
1690 5286 1756 5332 sunt
1767 5274 1862 5352 dispa-
