4100 6109
350 412 407 463 ssa
485 386 489 393 ’

390 534 457 609 951,
475 542 511 601 εἰ,
532 532 630 609 Λόγους
655 530 818 612 συκοφάντου
841 537 971 609 μιμεῖται.
991 530 1049 590 ἀντὶ
1069 536 1116 601 V.,

350 641 407 679 nou
423 629 458 680 G.
474 621 542 681 ’λιτὶ
555 626 601 678 τοῦ
614 626 717 679 υ111.6,
734 627 767 681 tt.
781 658 813 669 -
828 622 864 679 25
876 642 935 698 quo
948 633 1057 699 spectet
1070 619 1117 679 λό-

348 733 409 787 γους
432 707 459 767 δὲ
480 708 642 789 συκοράντου
660 699 797 786 μιμείται,
820 710 890 768 1111111
913 731 970 768 non
993 710 1061 767 satis
1074 720 1118 767 est

350 811 482 875 apertum
505 819 512 857 :
536 818 574 856 an
588 797 696 871 voluit,
711 797 779 855 ideo
797 798 908 875 justum
925 798 1070 856 hominem
1088 798 1115 854 iu

350 906 381 944 re
397 886 453 945 leri
467 883 669 963 grandioribus
684 886 726 943 uti
742 884 852 956 verbis,
868 884 1018 957 πανοπλία,
1037 907 1116 963 κορυ-

349 973 542 1049 φαῖος,στάσιν
555 972 640 1051 ἔχειν,
655 972 734 1049 quod
752 973 827 1031 idem
846 974 1024 1051 sycophanta
1039 974 1117 1030 secio·

350 1075 407 1133 set,
425 1076 453 1119 et
468 1061 662 1140 δημοκρατίαν,
675 1059 723 1129 τὴν
744 1060 839 1137 βουλὴν
854 1060 902 1133 τὴν
916 1064 968 1120 τῶν
982 1062 1116 1135 πολιτῶν,

349 1162 436 1225 atque
452 1148 595 1219 ἐκκλησίαν
609 1149 759 1225 magnifice
767 1148 900 1225 jactasset
913 1172 919 1205 :
933 1150 1020 1207 luisse
1034 1162 1117 1205 rete-

350 1258 413 1296 rum
430 1238 556 1314 aliquem
567 1238 834 1313 grammaticorum,
855 1240 904 1315 qui
918 1247 1056 1318 adpopulos
1073 1240 1118 1295 hic

350 1327 493 1403 acceperit
498 1332 653 1400 principem
665 1340 788 1394 senatus,
801 1326 909 1385 scholia
921 1347 987 1383 mox
998 1327 1115 1383 draiton·

349 1428 440 1473 strant
463 1438 470 1471 :
492 1414 523 1471 ln
545 1412 745 1489 superioribus
766 1410 883 1489 quidem
909 1414 981 1471 nihil
999 1435 1016 1471 a
1031 1434 1116 1488 syco-

312 1499 315 1503 ’
350 1503 458 1580 phanta
476 1501 636 1579 prolatum,
652 1499 731 1577 quod
753 1522 829 1558 utine
851 1522 903 1579 per
913 1503 1010 1579 jocum
1022 1500 1116 1579 justus

350 1590 454 1649 imitari
469 1588 610 1649 videatur.
629 1592 726 1660 Quum
738 1589 814 1647 idem
830 1590 866 1647 ad
881 1611 906 1648 v.
923 1611 982 1666 9²9
995 1591 1116 1647 scholia·

349 1693 407 1737 stes
430 1675 565 1747 notabat,
588 1697 632 1733 res
656 1696 752 1734 coram
779 1678 871 1735 escarlis
891 1691 953 1735 erat
977 1678 1115 1754 exposita.

352 1771 452 1823 Haase
472 1801 504 1814 -
516 1766 553 1821 26
566 1764 668 1829 παίζων
681 1784 738 1823 om.
752 1768 787 1823 Θ.
804 1802 835 1813 -
853 1768 885 1822 81
904 1764 991 1823 ἄλλων
1012 1766 1117 1821 πολλῶν

350 1860 421 1930 Rrg.

390 1943 461 2018 952,
477 1942 512 1998 88
530 1940 716 1999 scribendum
742 1943 836 1999 suerat
853 1940 972 2020 λοετρὸν,
993 1940 1117 2022 λουτρὸν,

351 2032 394 2087 rel
415 2027 545 2107 λοετριλν,
557 2028 688 2107 λουτρίιν·
710 2030 791 2106 prius
808 2029 940 2087 adhibuit
954 2031 1018 2107 ipse
1036 2030 1072 2088 ad
1090 2050 1117 2085 v.

351 2121 418 2177 616.
433 2118 576 2179 Statuitur
597 2130 694 2177 autem
718 2138 734 2175 a
758 2118 969 2193 grammaticis,
984 2131 1016 2175 ut
1032 2137 1118 2175 mon-

350 2220 442 2265 strant
456 2206 579 2281 Etymol.
591 2206 620 2262 iu
636 2226 660 2261 v.
670 2226 699 2282 p.
713 2207 780 2277 568,
793 2219 822 2263 rt
836 2207 965 2265 Eustath.
983 2205 1118 2279 1111110,

352 2318 379 2374 p.
399 2296 482 2365 1037,
497 2295 545 2367 39,
556 2291 613 2351 od.
630 2298 667 2361 Z,
685 2313 712 2371 p.
734 2294 817 2357 15611,
841 2296 887 2365 81,
902 2293 1053 2371 potestatis
1066 2312 1117 2349 ac-

351 2394 435 2441 centu
448 2380 616 2438 moderante
637 2380 802 2454 ‹liserimen
812 2380 888 2437 inter
900 2380 1024 2460 λουτρὸν,
1040 2380 1117 2457 quod

352 2483 394 2527 est
409 2473 549 2525 lavacrum
565 2467 672 2537 bauer,
694 2468 755 2525 sive
771 2472 888 2537 locutio,
907 2468 1055 2544 quomodo
1070 2468 1119 2525 sri-

352 2556 448 2633 gidain
468 2556 496 2611 in
522 2555 662 2632 palaestris
681 2555 854 2613 lavationem
878 2562 994 2614 Graecos
1011 2557 1119 2635 λουτρὸν

354 2646 481 2702 vocitare
493 2643 593 2702 scribit
609 2645 719 2702 Viti-nv.
735 2642 763 2714 5,
781 2658 868 2716 rr;et
878 2646 986 2724 λοῦιρον
1002 2646 1119 2723 proprie

352 2733 516 2809 significans
540 2752 644 2806 animm
665 2731 865 2803 balaenarum,
882 2746 932 2791 aru
948 2736 1033 2805 etiam
1054 2754 1113 2791 sor·

353 2821 449 2877 didam
462 2840 478 2877 a
490 2820 699 2889 lavationihus;
714 2820 790 2879 unde
798 2820 949 2900 λοετροχόος
961 2821 1053 2893 idem,
1066 2827 1120 2879 He·

355 2908 453 2984 sychio
473 2920 561 2979 teste,
584 2908 634 2984 qui
657 2906 815 2988 περιχίτης,
830 2922 859 2965 et
874 2909 989 2967 serioris
1003 2910 1121 2970 Graecias

355 2994 507 3076 λουτράρης,
520 2995 599 3072 quod
611 2994 783 3055 vocabulum
795 3017 829 3053 ex
844 2996 953 3055 Glossis
965 2997 1001 3055 ad
1011 2996 1119 3056 (161111σί

356 3084 470 3142 Plutum
484 3103 540 3141 mss
562 3084 707 3162 prolatum
719 3104 737 3141 a
751 3085 900 3160 Ducangio
913 3086 1037 3162 pertinet
1050 3085 1085 3143 ad
1094 3105 1119 3143 ν.

355 3173 422 3247 955.
441 3171 572 3229 Alterum
585 3168 700 3251 hanepha
725 3170 824 3229 itidem
838 3192 854 3229 a
869 3172 1015 3229 veteribus
1036 3192 1120 3230 risur-

357 3273 451 3335 patur,
466 3260 547 3335 cujus
563 3258 704 3316 rationem
719 3259 838 3335 exponit
860 3259 987 3318 Eustath.
1008 3259 1043 3317 ad
1066 3258 1121 3318 Od.

356 3351 393 3415 Δ,
407 3367 435 3423 ρ.
453 3348 536 3415 saar,
550 3349 587 3402 68
603 3369 610 3403 :
625 3345 816 3423 διαλελυμένως
829 3345 934 3423 λίγεται
953 3346 997 3404 καλ
1011 3346 1045 3404 ah
1057 3348 1122 3405 λου-

356 3433 406 3514 τρλ
417 3432 525 3512 λοετρά,
545 3433 589 3491 καὶ
605 3437 619 3491 8
640 3432 718 3498 τόπος
734 3436 819 3491 αὐτῶν
834 3435 864 3491 οὔ
878 3434 956 3510 μόνον
972 3435 1122 3513 βαλανεῑιν,

357 3521 427 3581 ἀλλὰ
436 3523 483 3581 καί
493 3520 624 3601 λουτρίον,
636 3512 665 3581 οὗ
678 3520 768 3599 γενικί,
787 3525 943 3601 λουτρῶνος,
961 3523 1037 3603 τάπιρ
1049 3546 1080 3582 πε
1084 3548 1119 3605 ρι-

357 3613 462 3690 εκτικῷ.
488 3614 656 3689 Ptolemaeus
679 3614 781 3687 Euerg.
802 3611 878 3687 apud
900 3613 1000 3671 Athen.
1030 3636 1072 3685 ro,
1095 3634 1122 3693 p.

360 3699 427 3766 l'lS,
441 3702 483 3756 F:
500 3695 591 3755 ίλοῦτό
599 3720 628 3756 τε
639 3699 675 3764 τίς
687 3694 745 3761 τοὺς
757 3696 857 3763 κοινοίος
871 3700 1032 3778 λουτρῶνας·
1056 3690 1122 3759 1111·

360 3785 450 3842 tarch.
465 3784 545 3843 Alex.
565 3806 592 3861 p.
608 3787 676 3851 685,
690 3788 727 3852 Ε,
740 3798 768 3842 et
782 3806 818 3843 ex
829 3788 913 3862 regiis
928 3789 1123 3867 ephemeridi··

353 3871 414 3950 'hus
425 3893 454 3949 p.
470 3874 542 3944 708,
553 3878 587 3929 l).
600 3874 712 3931 Ηκιιετ.

401 3960 469 4034 958,
485 3961 522 4017 85
535 3954 651 4017 Ἔπειτα
673 3959 736 4017 ahl.
753 3960 933 4039 περιίστανται
950 3968 984 4021 R.
1007 3961 1118 4023 ’Enet—

362 4044 507 4123 βαλανείοις
522 4067 568 4103 om
593 4052 627 4104 G.
646 4084 674 4096 -
687 4053 723 4105 86
741 4050 777 4114 ὡς
788 4050 847 4129 περλ
862 4050 939 4128 χορὸν
953 4056 998 4115 V..
1014 4054 1063 4128 qui
1079 4074 1123 4109 se-

361 4134 477 4210 quentia
493 4136 522 4191 οὐ
538 4132 589 4214 γάρ
604 4132 664 4203 ἐξῆν
678 4134 747 4201 ξένον
761 4136 811 4211 (sic
828 4138 906 4194 euim
918 4138 1029 4214 scribit)
1042 4141 1125 4199 -ίπὶ

360 4220 476 4301 κεφαλήν
488 4223 520 4297 (l.
538 4222 664 4298 dolante
677 4221 734 4279 ἐπεὶ
745 4222 911 4301 περιίσταντο
923 4225 1017 4283 hahet.
1031 4252 1043 4277 «
1057 4232 1126 4300 Quae

361 4310 497 4385 deinceps
508 4311 538 4366 in
555 4309 668 4367 scholio
681 4323 851 4385 seqtruntur,
864 4324 999 4369 externos
1014 4314 1125 4373 urhano

362 4396 451 4453 choro
464 4396 551 4453 inseri
562 4416 620 4453 non
637 4396 764 4469 licuisse,
779 4410 879 4455 curura
889 4400 1001 4457 licuisse
1012 4406 1125 4473 Leuae0,

363 4496 394 4539 ut
408 4484 467 4540 nori
481 4484 600 4541 omnino
614 4484 793 4561 negaverim,
807 4484 895 4541 solius
908 4499 987 4545 certe
1004 4487 1124 4547 scholia·

362 4584 412 4628 stae
429 4570 484 4627 hdc
499 4573 547 4628 vis
562 4572 658 4629 induci
674 4591 802 4649 possum,
817 4584 849 4628 ut
861 4575 902 4631 rei
918 4575 1034 4633 minime
1054 4596 1125 4653 pro·
1148 4573 1150 4582 ’

363 4657 450 4715 babili
460 4656 646 4715 subscribam.
658 4659 766 4716 Petitus
777 4659 893 4734 quidem
904 4666 1013 4721 Comm.
1029 4664 1058 4719 in
1071 4668 1126 4723 LL.

917 399 1143 459 aua'otatto
1173 406 1213 464 ΙΝ
1236 404 1368 464 schot.
1392 432 1395 437 ·

1171 532 1286 605 ξίνον,ἢ
1303 532 1390 611 χιλίας
1409 530 1539 589 ἀποτίνειν
1563 532 1605 588 τὸν
1628 533 1761 609 χορηγόν·
1784 522 1829 587 cui
1849 552 1918 607 11111111

1171 634 1306 701 proterve
1319 619 1474 689 Demades,
1500 619 1736 677 insolentissimus
1754 616 1841 695 o'pum
1861 622 1920 676 nrale

1171 721 1317 785 partarum
1326 720 1495 779 ostentator,
1504 700 1919 777 insitltaverit,relertPlutarch.

1171 798 1258 855 Phoc.
1277 817 1305 875 p.
1323 796 1391 868 755,
1408 800 1448 866 C,
1461 814 1546 873 quam
1564 795 1649 853 latam
1670 814 1732 851 esse
1748 806 1921 851 consulante

1171 884 1371 961 Aristophanis
1387 895 1497 940 aetatem
1519 903 1554 940 ex
1574 882 1721 939 Andocide
1746 882 1776 937 in
1798 881 1883 939 Alcib.
1901 904 1920 958 p.

1172 977 1220 1045 81,
1233 975 1280 1031 86.
1294 978 1387 1050 Caput
1401 973 1529 1049 ejsudem
1544 972 1614 1048 legis
1628 992 1643 1028 a
1659 970 1851 1029 Demosthene
1861 991 1922 1027 corn·

1174 1073 1349 1119 memoratur
1371 1060 1440 1118 uid.
1467 1082 1494 1139 p.
1506 1062 1574 1131 612,
1592 1064 1628 1126 B,
1644 1058 1824 1137 potissimum
1844 1073 1921 1116 autent

1172 1151 1307 1209 adversus
1323 1160 1371 1207 eos
1386 1149 1553 1227 peregrinos
1569 1148 1690 1205 valuisse
1700 1146 1804 1216 medo,
1818 1146 1864 1223 qui
1875 1147 1922 1203 lur-

1174 1238 1223 1297 tim
1240 1257 1272 1295 ac
1293 1256 1343 1313 per
1359 1236 1487 1293 haudem
1503 1235 1588 1311 injus
1605 1234 1730 1291 civitatis
1752 1234 1923 1309 irrepserunt,

1173 1340 1260 1402 atque
1271 1324 1344 1381 adeo
1359 1336 1494 1401 poterant
1508 1324 1620 1380 actione
1633 1320 1716 1389 ξενίας
1727 1320 1837 1398 pulsari
1849 1322 1922 1377 :nihil

1173 1413 1306 1490 equidem
1318 1412 1393 1468 inter
1406 1411 1693 1469 Atheniensescitius
1703 1410 1856 1487 contigisse
1864 1430 1924 1479 reor,

1173 1522 1259 1579 quarn
1274 1512 1306 1557 ut
1320 1519 1355 1557 ex
1367 1520 1402 1557 eo
1415 1520 1536 1557 ricimero
1548 1520 1624 1575 saepe
1641 1500 1774 1557 nonnulli
1795 1500 1924 1558 charisio

1175 1602 1311 1649 teresseut
1326 1612 1333 1647 ι
1349 1592 1454 1647 horum
1474 1586 1700 1645 amovendorum
1714 1606 1785 1643 carra
1798 1586 1850 1644 sub
1860 1592 1925 1665 graii

1175 1678 1279 1735 mulcta
1297 1687 1350 1744 τοῖς
1372 1684 1494 1756 χορηγοῖς
1510 1675 1562 1755 luit
1578 1675 1740 1732 commissa.
1756 1680 1800 1734 De
1817 1695 1925 1751 praeen-

1175 1781 1237 1824 tore
1252 1788 1336 1838 vero,
1346 1764 1588 1845 quemadmodum
1599 1765 1741 1843 Apuleius
1749 1764 1793 1821 rin
1805 1774 1926 1845 κορυραὶοι

1175 1856 1278 1913 Latine
1291 1856 1385 1926 dedit,
1405 1852 1593 1911 dubitandum
1609 1874 1667 1911 non
1691 1864 1749 1922 est,
1766 1852 1834 1929 quin
1855 1874 1925 1930 pere-

1174 1944 1272 2019 grinus
1292 1944 1397 2000 assumi
1419 1940 1562 2019 potuerit,
1582 1942 1686 1997 artilex
1700 1942 1780 1998 enim
1795 1940 1927 2017 quaereha-

1176 2051 1237 2103 tur,
1263 2032 1362 2108 reique
1380 2031 1494 2088 musica
1508 2030 1617 2107 peritus
1633 2028 1744 2105 :idque
1767 2041 1868 2107 praeter
1884 2032 1927 2087 alia

1175 2120 1267 2179 intrito
1294 2122 1375 2197 plura
1401 2118 1551 2177 manifesto
1572 2130 1652 2195 patet
1672 2137 1709 2174 ex
1734 2136 1771 2173 eo
1797 2117 1928 2175 Simonidis

1176 2209 1317 2277 carmine,
1332 2208 1409 2286 qnod
1426 2206 1593 2265 Callimachi
1616 2205 1875 2283 Epigramruatihus
1886 2207 1927 2263 im-

1176 2298 1297 2355 mixtum
1313 2308 1354 2353 cst
1368 2315 1395 2352 n.
1413 2296 1458 2353 5ο.
1478 2293 1533 2353 Sed
1547 2293 1597 2369 qui
1621 2292 1790 2363 tradiderit,
1805 2305 1860 2348 tum
1873 2295 1929 2350 alios

1177 2386 1265 2443 tuisse
1286 2386 1399 2453 choris,
1419 2383 1467 2459 qui
1489 2380 1608 2439 deorum
1630 2381 1735 2437 honori
1759 2379 1922 2437 clircebantur

1177 2472 1353 2549 atlscriptos,
1367 2490 1452 2547 iliram
1463 2470 1581 2542 juverres
1594 2469 1752 2545 ingenuosr
1763 2466 1873 2539 ἠϊθέους,
1886 2471 1929 2543 ip—

1177 2563 1304 2641 ριθαλιῐς,
1320 2562 1395 2619 veris
1409 2558 1521 2617 civibus
1535 2570 1712 2637 prognatos,
1733 2570 1796 2615 tum
1816 2559 1930 2625 μετοίκους

1178 2650 1227 2706 rili
1250 2651 1278 2709 in
1295 2649 1409 2725 pompis
1428 2666 1462 2703 ao
1476 2666 1555 2723 paene
1567 2646 1761 2723 ignominioso
1773 2644 1928 2726 σκαρηρίμιιι

1179 2737 1337 2794 ministerio
1352 2737 1500 2811 iungentes
1517 2734 1659 2813 χορηγίας,
1683 2754 1749 2810 quae
1768 2735 1803 2791 ad
1821 2754 1875 2790 rein
1893 2755 1929 2789 sa-

1178 2844 1255 2881 cram
1270 2823 1464 2901 pertinebant,
1478 2822 1711 2891 administrasse,
1737 2822 1857 2879 necdum
1869 2842 1883 2878 a
1895 2843 1930 2877 mr

1178 2914 1328 2988 ‹piisquam
1342 2932 1428 2981 tinais,
1443 2926 1583 2987 quantum
1604 2909 1753 2982 recordor,
1765 2923 1844 2967 extra
1858 2910 1928 2965 seho-

1180 2999 1279 3057 hasten
1292 3000 1346 3058 luit
1355 3002 1485 3057 inventus
1495 3021 1500 3055 :
1512 3018 1601 3075 quma
1612 3018 1707 3075 necque
1717 2998 1788 3056 illud
1800 3018 1864 3055 sane
1872 2996 1930 3076 napi

1179 3092 1252 3145 τοῦτο
1266 3085 1412 3165 πέπαιχεν,
1427 3106 1564 3162 quorsum
1575 3098 1704 3163 spectet,
1725 3086 1794 3143 satis
1808 3086 1930 3163 percipio,

1181 3175 1233 3233 nisi
1261 3175 1326 3251 quis
1354 3174 1495 3231 interiisse
1522 3174 1604 3249 plura
1635 3175 1815 3249 sirspicetnr,
1842 3172 1930 3249 quihus

1179 3262 1351 3334 ostenderit,
1361 3261 1470 3320 idcirco
1486 3260 1681 3319 balneatorem
1699 3262 1776 3319 hunc
1790 3260 1930 3337 syraphin·
1975 3254 1978 3259 ’

1182 3364 1254 3423 tam,
1269 3364 1403 3428 tanquam
1417 3352 1600 3428 peregrinum
1613 3363 1642 3407 et
1656 3354 1703 3409 τοῦ
1714 3355 1828 3430 πονηροῦ
1842 3348 1930 3424 κόμμα-

1185 3462 1236 3508 τος,
1252 3441 1327 3496 foras
1349 3439 1568 3497 exturbaturum
1589 3456 1667 3507 esse,
1689 3438 1758 3514 quia
1777 3437 1814 3495 de
1828 3436 1930 3506 balatu,

1181 3546 1240 3603 qao
1253 3526 1398 3585 homiuem
1415 3546 1539 3605 nequam
1551 3524 1690 3583 lacessere
1700 3546 1731 3582 se
1738 3528 1872 3602 jusserat,
1884 3544 1930 3579 nou

1181 3634 1262 3672 sectis
1276 3636 1309 3671 ac
1319 3614 1355 3671 de
1364 3614 1455 3671 choro
1466 3615 1579 3671 locutus
1592 3613 1684 3670 luerat
1696 3613 1741 3669 rit·
1752 3613 1863 3689 justus:
1876 3624 1930 3667 suut

1182 3703 1258 3759 enim
1266 3710 1404 3781 capuanis<
1411 3715 1438 3759 et
1446 3698 1536 3765 στάσις
1545 3701 1664 3777 propria
1675 3700 1773 3757 choris
1783 3699 1931 3757 vocabula.-

1181 3796 1292 3851 Hursr.
1306 3828 1337 3843 «-
1351 3794 1388 3865 89
1402 3813 1459 3869 κορ.
1481 3790 1585 3869 λέγεται
1599 3794 1613 3848 d
1634 3796 1665 3847 l'.
1685 3792 1713 3848 ἐν
1736 3791 1816 3869 βουλῇ
1838 3789 1930 3849 816,-

1184 3890 1219 3947 lo
1231 3878 1321 3959 ὥσπερ
1339 3876 1442 3957 ἀνδριὰς
1456 3877 1498 3936 ἐπὶ
1515 3878 1631 3959 κεφαλήν
1644 3900 1680 3936 ex
1698 3878 1813 3936 scholiis
1829 3876 1929 3934 brevio-

1182 3968 1263 4027 ribus
1289 3982 1375 4045 atque
1397 3967 1430 4023 ad
1454 3962 1582 4041 singulos
1598 3987 1697 4023 versus
1713 3966 1866 4041 interjectis
1879 3984 1930 4021 ma-

1183 4077 1262 4131 nasse
1275 4074 1411 4132 auguror,
1424 4053 1478 4111 hoc
1495 4068 1580 4131 pacto
1592 4056 1620 4111 in
1631 4054 1764 4110 ordinem
1776 4052 1929 4129 redigenda:

1181 4150 1334 4223 κορυφαῖοςι
1345 4140 1388 4199 tat
1398 4142 1523 4222 κεφαλήν.
1534 4140 1651 4213 ἑστηκὼς
1659 4164 1666 4198 1
1675 4138 1765 4220 ὥσπερ
1776 4140 1883 4218 ἀνδριάς,
1892 4139 1930 4194 Sic

1182 4232 1280 4289 saltem
1293 4250 1392 4287 serisus
1407 4229 1508 4305 aliquis
1519 4229 1637 4286 extundi
1650 4216 1775 4305 phterit,
1788 4226 1929 4303 atqueaai-

1183 4317 1340 4387 nradverti,
1358 4315 1429 4393 quid
1443 4316 1611 4391 cogitaverit
1625 4315 1782 4391 interpres,
1797 4314 1860 4370 lieet
1870 4312 1928 4370 nihil

1183 4406 1276 4462 urinas
1309 4422 1393 4479 quam
1427 4403 1693 4479 interpretationem
1722 4401 1781 4479 ejus
1813 4400 1927 4479 parbem.

1183 4495 1292 4549 Harsa.
1314 4489 1357 4547 ίπί
1372 4488 1420 4559 τὴν
1444 4490 1558 4568 κεραλήν
1580 4492 1627 4549 Θ.“
1639 4528 1671 4539 -
1691 4498 1724 4556 11
1749 4486 1818 4568 ὀρθός
1835 4491 1928 4544 llemst.

1181 4574 1281 4653 ''llqom
1293 4598 1350 4636 11111.
1363 4578 1398 4637 Θ.

1221 4666 1289 4742 951,
1316 4669 1353 4731 48
1380 4666 1564 4725 scribendum
1585 4668 1631 4724 rel
1649 4672 1694 4724 τοῦ
1721 4664 1852 4743 βαλανείου
1874 4679 1927 4718 crim

363 4746 869 4823 AA.p.al39praeterhocscholium
890 4749 1005 4825 Ulpiani
1033 4751 1153 4853 loctrmq
1183 4748 1926 4835 1161151.1-11κιιτ1ιτὸβαλάνεῖον.ὓιειυ,Τ1βσλανεῑοι

363 4834 484 4910 protulit
497 4833 533 4891 ad
548 4836 697 4893 Demosth.
718 4839 766 4893 Or.
781 4836 811 4891 in
826 4838 937 4912 Leptin.
959 4859 986 4915 p.
1004 4839 1071 4909 572,
1086 4844 1128 4909 l),
1182 4844 1309 4920 reliquia
1323 4858 1389 4901 strut
1409 4845 1553 4919 sequentis
1578 4845 1694 4921 glossae,
1714 4847 1728 4900 ὁ
1748 4846 1790 4900 τοῦ
1804 4837 1926 4919 βιλανείου

366 4920 414 4977 ubi
426 4922 519 4979 minus
533 4935 643 4981 attento
657 4924 749 4981 simile
762 4922 898 4999 quiddam
913 4946 948 4981 ex
964 4922 1128 5011 Alexandro
1182 4930 1338 5001 ἐπιστάτης,
1353 4950 1437 5007 quam
1452 4933 1593 4989 exstitisse
1611 4933 1640 4988 in
1658 4932 1813 5007 archetypo
1821 4928 1923 4985 11111111-

364 5008 480 5065 rhetore
490 5008 593 5068 docere
604 5010 738 5069 videatur
751 5033 758 5068 ι
773 5030 873 5068 veiarm
888 5013 911 5069 si
926 5013 1059 5089 quiscem
1074 5033 1128 5090 pe-
1181 5017 1249 5075 liani
1264 5018 1370 5075 similes
1385 5018 1497 5077 codices
1512 5018 1623 5075 eliserat.
1636 5056 1665 5067 -
1682 5027 1715 5087 lt.
1733 5019 1830 5093 πρῶτον
1842 5018 1873 5089 τῇ
1885 5012 1924 5068 τί·

363 5097 452 5153 nitius
468 5097 639 5175 inspexerit,
659 5100 730 5157 nihil
750 5100 806 5157 hue
824 5100 966 5176 pertinere
980 5102 1063 5158 facile
1076 5102 1129 5159 de·
1182 5105 1216 5173 ξει
1234 5112 1304 5183 Reg.

364 5185 532 5262 prehendet.
557 5191 615 5245 Lex
635 5208 703 5245 sane
721 5190 772 5245 luit
797 5189 929 5258 Athenis,
951 5187 989 5266 pl,
1008 5188 1125 5267 χορεύειν

1221 5197 1288 5269 955,
1305 5197 1341 5263 dd
1352 5192 1400 5261 ἔξω
1416 5197 1460 5264 τῆς
1475 5195 1508 5252 Θ.
1547 5242 1551 5250 .
