4100 6109
668 458 856 521 scnomA
882 460 924 518 ΙΝ
953 460 1122 521 VESPAS.
1640 477 1694 529 (οἳ

110 588 190 659 ἐπειδὴ
201 587 355 667 θεσμοθέται
368 588 414 647 καί
426 586 531 657 δέκατος
542 594 556 648 ό
566 588 736 669 γραμματεὺς
747 592 872 670 κληροῦσι
918 587 1089 662 εἰσελθόντος.
1099 591 1145 649 οῦκ
1156 592 1196 649 ἀπ’
1212 590 1321 673 ἀληθείφ
1332 591 1359 650 δὲ
1375 593 1457 652 ταῦτά
1473 587 1560 675 φησιν,
1572 596 1613 655 θτι
1623 620 1694 679 χρη-

110 680 161 743 τυλς
173 676 295 743 δικαστάς
311 676 371 743 τοὺς
387 682 435 749 τῆς
446 679 525 749 αὐτῆς
537 680 619 758 φυλῆς
630 676 745 745 ἕκαστος.
807 678 873 737 ’Λλ-
895 653 901 713 ί
918 676 983 752 σμὸς
997 676 1090 749 ἐδόθη,
1102 677 1245 758 ἀλλὰπρὸς
1257 678 1288 736 τὸ
1303 680 1434 761 φιλόδικον
1447 684 1533 741 αὐτῶν
1546 684 1643 753 παίζει.

111 770 163 832 λυς.
175 770 258 846 ἀρχῆς
272 764 355 843 ὄνομα
372 756 408 823 ῶν
420 769 473 833 τοῖς
487 765 652 849 ψηφίσμασιν
669 770 875 845 ἔχειροτονοῦντο
958 761 992 821 τὸ
1005 762 1083 841 λόγια
1099 786 1107 825 :
1121 769 1157 826 0!
1170 766 1287 845 χρησμοί
1298 773 1345 826 τοῦ
1359 768 1528 837 Ἀπόλλωνος.
1544 784 1575 831 V.

110 853 265 913 τίδικασταί.
292 852 338 911 καλ
351 844 432 931 ὴρχον
444 855 528 911 αὐτῶν
541 851 682 924 οῦτως,όις
693 853 738 911 καί
751 850 875 911 δύνασθαι
898 888 901 899 ·
958 870 1005 909 σοι.
1028 850 1169 912 Ἑκάταιον
1183 874 1191 912 z
1205 854 1295 933 (Ἱερὸν
1305 855 1433 928 Ῥαάτης,
1444 862 1480 925 όις
1492 862 1544 916 τῶν
1553 859 1700 931 Ἀθηναίων.

91 941 218 1001 εέκόαλεῖν
235 939 281 997 καί
297 938 336 1017 μὴ
353 942 399 997 {zv
411 940 518 999 εἰσιέναι
535 942 571 1006 τίς
582 940 613 998 τὸ
627 938 802 1019 δικαστήριον.
818 928 875 995 εἶπε
897 924 902 1023 )
919 945 1058 1017 πανταχοῦ
1076 940 1234 1020 ίδρυομένων
1251 940 1333 1012 αὐτὴν
1352 946 1388 1009 ὡς
1407 943 1499 1025 ἔφορον
1521 944 1626 1004 πάντων
1649 948 1719 1009 καλε,

111 1027 134 1087 δδ
144 1028 185 1086 καλ
196 1028 294 1099 ἑκάστη
311 1026 380 1107 φυλὴ
393 1026 458 1107 πρὸς
469 1026 514 1087 ἕνα
526 1030 562 1094 εἰς
578 1028 608 1087 τὸ
622 1026 681 1095 τοῦς
694 1027 789 1105 νόμους
800 1028 875 1095 εἰση-
919 1024 1099 1106 κουροτρόφον.
1125 1026 1267 1088 Ἑκάταιον
1297 1020 1342 1089 οῦν
1370 1031 1486 1103 Ἑκάτης
1516 1032 1639 1111 άγαλμα,
1664 1036 1695 1093 τὸ

110 1116 219 1193 γεῖσθαι.)
920 1110 1078 1184 Ἑκατήσιον
1088 1115 1237 1193 λεγόμενον.
1249 1120 1282 1195 τῇ
1292 1117 1436 1197 προσῳδίαι)
1449 1119 1648 1200 Καλλίστρατος
1659 1126 1694 1188 ὡς

145 1223 188 1261 πε
212 1200 322 1277 (δάκνων
344 1200 453 1261 σεαυτόν
471 1222 478 1262 :
497 1200 607 1275 Ἐπειδὴ
625 1202 706 1261 ἰνίοτε
721 1199 774 1259 ἀπὸ
787 1198 877 1269 πείνης
920 1200 1053 1259 ἐπινίκιον.
1065 1199 1101 1277 (ἔν
1112 1224 1165 1260 τισι
1175 1201 1226 1279 γάρ
1243 1201 1351 1283 εὕρηται
1367 1204 1526 1284 Ἑκαταῖον.)

111 1296 123 1348 δ
135 1286 253 1359 δικαστὴς
265 1287 310 1346 τὸν
324 1288 435 1367 λέγοντα
447 1290 637 1367 καταδικάζει.)
959 1308 1009 1348 εστ.
1033 1289 1107 1366 (ἀμίς
1118 1289 1166 1365 μέν
1181 1310 1188 1349 z
1203 1291 1348 1371 Οθρητρὶς,
1362 1292 1473 1373 οῦρηρὸν
1487 1296 1599 1373 ἀγγεῖον.
1613 1297 1695 1366 ούοη-

81 1398 101 1433 ιο
145 1397 192 1438 ττι.
213 1378 277 1452 (πῶς
289 1366 334 1435 οῦν
350 1376 529 1453 διαγινώσκειν
544 1398 551 1437 :
565 1375 676 1450 Ἐπειδὴ
692 1367 763 1435 εἶπεν
779 1375 877 1451 αύτίρθ
919 1374 1012 1455 τιάσῃς
1023 1375 1051 1433 δὲ
1061 1377 1171 1456 οὐρῆσαι
1184 1377 1315 1456 βουλήσῃ,
1326 1376 1344 1449 ὴ
1356 1380 1544 1461 στραγγουρίας
1552 1382 1695 1463 περιπέσῃς
1712 1404 1735 1440 ιο

112 1463 276 1534 Βδελυκλέων,
286 1462 412 1523 δύνασθαι
424 1464 560 1535 δικάζοντα
570 1464 614 1523 ἐπὶ
624 1469 671 1535 τῆς
680 1463 762 1530 οἰκίας
773 1460 876 1529 ἐσθίειν,
920 1462 1069 1540 νοσήματι.)
1079 1496 1085 1507 ·

111 1552 179 1635 φησί,
189 1556 246 1619 πῶς
258 1551 405 1629 δυνήσομαι
416 1551 508 1610 ἰσθίων
522 1553 665 1631 δοκιμάσαι
675 1552 709 1609 τά
721 1550 850 1628 λεγόμενα
858 1550 876 1624 ·,)
959 1568 1007 1609 ειο.
1030 1551 1229 1631 (στραγγουρίας
1241 1574 1248 1611 t
1266 1555 1391 1621 Φυσικῶς
1400 1560 1476 1614 τοῦτο
1486 1546 1567 1616 εἶπεν.
1580 1556 1696 1635 συμόαί-

145 1660 190 1701 783.
213 1637 432 1717 (ἀναμασώμενοι
460 1662 467 1699 :
495 1639 562 1699 ’Λντλ
587 1646 632 1698 τοῦ
653 1636 877 1716 διαλογιζόμενοι.
921 1658 958 1693 νει
971 1634 1021 1718 γάρ
1035 1637 1093 1706 τοῦς
1108 1640 1250 1719 ἐπέχοντας
1267 1641 1301 1699 τά
1315 1634 1379 1722 οῦρα
1396 1648 1604 1723 στραγγουριῦν.)

111 1728 238 1803 νοούμενον
256 1725 320 1807 πρὸς
340 1724 369 1784 τὸ
390 1727 513 1807 χρειῶδες
533 1728 645 1785 ἐνταῦθα
666 1724 815 1805 παρέλαθεν
832 1720 877 1780 ἐπὶ
960 1744 1009 1785 ενι.
1033 1726 1213 1806 (προσέστηκε
1242 1734 1315 1809 φακῆ
1341 1751 1348 1788 :
1373 1728 1481 1810 Ὥσπερ
1503 1730 1534 1788 τὸ
1553 1734 1621 1801 συκῆ
1643 1731 1708 1788 ἀτί)

83 1838 102 1876 ιε
114 1821 151 1873 τοῦ
163 1814 293 1879 ἐσθίοντος.
356 1810 465 1880 Ἄλλως.
480 1814 510 1871 ἰκ
528 1824 676 1924 μεταφορᾶς
691 1818 742 1872 τῶν
755 1816 877 1886 ἀναπεμ-
922 1811 1002 1870 συκέα
1014 1818 1179 1892 περισπῶσι,
1192 1814 1237 1873 καί
1250 1814 1281 1874 τὸ
1294 1818 1433 1894 ἀμυγδαλῆ
1447 1818 1555 1876 ἀπὸτοῦ
1572 1820 1695 1895 ἀμυγδα-
1713 1834 1736 1871 ιο

112 1902 236 1970 παιζόντων
252 1898 300 1973 τὴν
313 1899 412 1982 τροφὴν
427 1900 500 1982 ζύκυν
514 1902 560 1959 καί
577 1906 648 1967 αυθις
662 1896 877 1977 ἀναμασωμένων
921 1896 983 1968 λέα,
994 1896 1065 1955 οῦτω
1075 1898 1120 1957 καί
1134 1905 1206 1981 φακῆ
1220 1902 1273 1959 ἀπὸ
1284 1909 1329 1961 τοῦ
1341 1904 1448 1983 φααέα.)

113 1987 348 2067 τὸάναμασόιμενοι
362 1987 485 2068 εἴρηκεν.)
961 2004 1010 2044 ειν.
1034 1986 1182 2067 ῥοφήσομαι
1201 2008 1208 2047 :
1228 1988 1274 2056 Ὡς
1290 1989 1336 2048 καί
1354 1995 1440 2070 φακῆς
1460 1990 1609 2071 ῥοφήματος
1629 1992 1698 2050 διδο-

146 2098 191 2136 τιιτ.
212 2074 391 2157 Λυσίστρατος
406 2094 413 2135 :
430 2075 592 2141 Σκωπτικός.
611 2075 669 2151 (καλ
683 2076 710 2133 ἐν
724 2075 879 2153 Ἀχαρνεῦσι
923 2070 1001 2148 μένοι
1023 2081 1077 2140 τοῖς
1097 2077 1256 2147 ἀσθενοῦσιν,
1283 2076 1414 2155 (ἔπαιζεν,
1436 2078 1493 2137 ἰπεί
1519 2082 1543 2138 οἰ
1566 2084 1699 2149 νοσοῦντες

114 2166 168 2242 (περ)
180 2194 192 2215 ι
204 2160 382 2244 Λυσίστρατός
395 2163 418 2221 τ’
433 2164 459 2220 ἐν
481 2166 563 2243 ἀγορᾶΙ
575 2162 732 2243 Χολαργέων
747 2162 850 2226 ὄνειδος.
868 2186 878 2209 ν
923 2158 1002 2237 χυλὸν
1015 2159 1143 2232 πτισάνης
1158 2166 1283 2243 ῥοφοῦσι).

82 2272 103 2309 τι·
114 2254 162 2311 ἔστι
185 2251 211 2310 δὲ
232 2250 276 2311 καί
301 2250 388 2331 ἵττρος
412 2250 604 2332 Λυσίστρατος,
626 2260 688 2318 παῖς
717 2247 879 2329 Μακαρέως,
961 2266 1008 2304 εισ.
1032 2246 1066 2322 (τί
1078 2248 1123 2306 τὸν
1132 2250 1202 2329 ὄρνιν
1217 2269 1225 2310 :
1241 2251 1286 2318 Ὡς
1298 2252 1343 2309 καὶ
1355 2252 1516 2333 ἀλεκτρυόνα
1530 2250 1739 2331 ίξαγαγόντοςθθ

115 2340 286 2414 τκωπτόμενος
303 2340 340 2405 εἰς
356 2337 495 2397 κιναιδίαν.
556 2336 662 2402 Ἄλλως.
683 2338 752 2395 δυοῖν
767 2335 819 2413 γάρ
838 2335 879 2392 δι-
923 2338 968 2391 τοῦ
983 2334 1196 2412 Ιλδελυκλέωνος.)

115 2436 213 2493 αασταῖς
234 2426 331 2485 ἐδίδοτο
355 2424 463 2507 δραχμὴ
487 2423 552 2502 μία,
567 2425 612 2483 καί
632 2422 713 2490 οὕτως
732 2423 880 2503 ἐμερίζοντο
962 2440 1012 2481 ειν.
1038 2421 1140 2503 (ᾅδωνε
1159 2422 1260 2505 Κυρίαις
1271 2424 1302 2483 τὸ
1316 2426 1386 2507 ᾅδειν
1400 2427 1444 2487 ἐπί
1456 2432 1502 2486 τοῦ
1517 2425 1697 2507 ἀλεκτρυόνος,

114 2515 170 2596 πρὸς
188 2514 255 2594 τρεῖς
275 2512 391 2579 δῦολούς.
414 2517 450 2577 ῶς
467 2518 513 2571 τοῦ
530 2511 710 2592 Λυσιστράτου
729 2510 786 2587 δίμα
807 2510 880 2588 αὐτῷ
924 2508 1058 2595 κσκκύζειν
1073 2509 1100 2568 δί
1112 2510 1157 2568 ἐπὶ
1170 2518 1216 2570 τοῦ
1227 2510 1375 2590 κόκκυγος.)

116 2602 237 2681 εἰληφότος
255 2600 378 2681 δραχμὴν
398 2598 464 2680 ὑπὲρ
478 2604 523 2658 τοῦ
543 2600 693 2657 δικαστικοῦ
708 2602 819 2676 μισθοῦ,
835 2596 880 2653 καί
963 2615 1012 2655 νιν.
1037 2600 1146 2677 (θήρῷον
1169 2618 1177 2657 :
1195 2598 1235 2658 Τὸ
1252 2598 1320 2679 ἱερὸν
1339 2606 1385 2659 τοῦ
1399 2599 1483 2681 ἥρωος
1500 2603 1597 2665 Λύχω,
1617 2604 1698 2663 πάλιν

85 2716 104 2749 ετ
118 2686 344 2766 ἐμπεπιστευμένου
358 2686 516 2765 κερματίσαι
530 2685 621 2757 αὐτὴν,
631 2684 700 2747 ῶστε
714 2686 879 2765 μερίσασθαι,
924 2680 950 2737 δὲ
964 2681 1009 2739 καί
1021 2688 1098 2741 τοῦτο
1109 2690 1144 2749 ῶς
1157 2683 1305 2765 φιλόδικος.)
1710 2716 1737 2753 ³³

117 2778 156 2835 καί
171 2775 350 2855 παρασχόντος
371 2776 443 2853 αὐτῷ
456 2773 515 2833 ἀντὶ
527 2774 657 2854 ἀργυρίου
675 2772 796 2845 λεπίδας,
810 2774 879 2849 ἀγα·
962 2776 1010 2827 ατί).
1045 2769 1083 2827 πά
1101 2794 1158 2830 εστι
1175 2770 1246 2831 τουτί
1267 2793 1274 2833 :
1295 2772 1424 2834 Πινάκων
1440 2776 1555 2853 κομίζει,
1571 2780 1598 2836 ἰν
1614 2771 1636 2859 ᾧ
1652 2802 1698 2856 γε·

116 2869 195 2937 τητῶς
208 2864 262 2943 ἔχει
276 2862 306 2921 τὸ
319 2861 396 2939 μόνος
407 2860 552 2939 λαμῦάνειν
564 2860 623 2927 τοῦς
636 2862 760 2938 μισθούς.)
923 2852 1072 2933 γραμμένος
1084 2792 1116 2927 ὴν
1127 2860 1141 2914 ό
1152 2858 1245 2925 Λύκος.

149 2974 196 3012 τεο.
219 2948 350 3031 (δραχμὴν
373 2948 429 3027 μετ’
445 2949 508 3024 ἐμοῦ
522 2946 634 3007 λαῦών;
655 2948 728 3008 Καθὸ
742 2950 776 3013 εἰς
797 2944 843 3004 δύο
862 2949 879 3015 ἡ
963 2962 1012 3001 σαι.
1036 2943 1163 3021 (χαλὲπὸν
1179 2944 1220 3025 ἄρ’
1239 2937 1297 3017 ὴσθ’
1316 2949 1379 3006 ἰδεῖν
1396 2968 1403 3009 :
1419 2949 1466 3016 Ὡς
1484 2951 1633 3033 δυσμόρφου
1651 2975 1697 3029 γε-

117 3037 213 3119 δραχμὴ
220 3038 315 3096 ε’δίδοτο
325 3036 372 3095 καὶ
385 3036 459 3095 αὐτοὶ
471 3036 604 3114 διῃροῦντο
616 3036 828 3116 κερματίζοντις,
838 3031 880 3091 ἵνα
922 3029 1075 3110 γραμμένου
1086 3037 1131 3090 τοῦ
1145 3031 1247 3110 ἥρωος.)

86 3148 106 3181 ,υ
118 3127 149 3203 μὴ
165 3123 359 3205 οίκωλακρίται
373 3122 458 3203 κέρμα
471 3122 644 3203 εἰσφέρωσιν.)
962 3137 1009 3175 σιτ.
1031 3109 1083 3182 οἶός
1096 3142 1145 3199 περ
1159 3124 1222 3196 ἡμῖν
1238 3140 1246 3180 :
1263 3118 1415 3203 (Ἄρρυθμος
1428 3122 1474 3182 καὶ
1488 3126 1596 3206 μακρός,
1610 3126 1695 3204 πρωί.
1712 3148 1739 3183 ιο

151 3234 195 3273 τευ.
216 3216 241 3271 ἐν
261 3219 314 3277 τοῖς
331 3208 434 3289 ἰχθύσιν
452 3229 460 3269 t
476 3209 522 3269 Ἐν
541 3218 594 3277 τοῖς
608 3208 797 3289 ἰχθυοπωλίοις.
817 3206 881 3285 (ἀπὸ
924 3226 1001 3284 ρηται
1015 3205 1066 3285 γάρ
1079 3206 1120 3263 δτι
1142 3210 1239 3287 φαῦλος
1260 3202 1292 3279 ὴν
1309 3208 1357 3280 τὴν
1372 3212 1432 3291 ὄψιν
1450 3212 1496 3270 καί
1515 3213 1699 3278 κακοσύνθιτος

117 3304 162 3357 τῶν
179 3297 350 3375 πωλουμένων
371 3294 431 3363 τοῦς
447 3298 597 3363 πωλοῦντας
619 3295 710 3355 εἰπών.
726 3295 834 3361 λοπίδας
852 3292 880 3354 δδ
922 3292 952 3351 τὸ
966 3296 1045 3370 σῶμα
1058 3297 1074 3350 θ
1090 3293 1253 3372 Κλεώνυμος.
1266 3300 1343 3355 τοῦτο
1355 3297 1383 3356 δέ
1395 3288 1462 3376 εἰπε)
1474 3299 1540 3359 καθὸ
1557 3300 1602 3358 καί
1614 3302 1697 3379 χαλε-

118 3386 143 3451 ἀς
154 3390 223 3463 ἡμεῖς
235 3383 343 3449 λεπίδας
355 3384 507 3459 καλάῦμεν.)
922 3380 970 3446 πὸς
983 3371 1015 3451 ὴν
1030 3382 1192 3458 δημαγωγός.
1208 3382 1330 3464 ῥίψασπις
1342 3384 1369 3443 δί
1382 3376 1423 3455 ὴν.
1537 3444 1546 3459 5

156 3474 220 3551 (τοο).
240 3468 394 3549 κεστρέωνε
413 3467 542 3549 Κεστρεθς
561 3460 628 3535 εἶδός
646 3471 715 3526 ἐστιν
738 3466 839 3547 ἰχθύος,
855 3470 881 3547 [θ
962 3487 1010 3527 σαν.
1034 3468 1103 3544 (οὐδ’
1119 3470 1216 3536 αύτόςτ
1233 3470 1342 3542 Ἐπειδὴ
1363 3472 1489 3553 ῥίψασπις
1502 3464 1696 3550 δ’ίίλεῶνυμος.

87 3578 107 3613 ε.
118 3560 241 3638 λεγόμενος
249 3558 362 3639 κέφαλος
369 3557 390 3635 ,)
398 3556 516 3635 μεγάλην
528 3554 621 3614 λεπίδα
631 3555 692 3635 ἔχον
703 3554 748 3614 καί
756 3561 880 3635 παχεῖαν,
924 3544 994 3633 εἰχον
1012 3554 1099 3613 δὲκαὶ
1116 3558 1141 3613 οἱ
1162 3556 1245 3635 ἥρωες
1260 3558 1418 3616 πανσπλίαν.
1437 3559 1485 3618 καί
1504 3562 1582 3631 δῆλον
1602 3563 1632 3620 ἰιι
1644 3565 1696 3620 τῶν
1711 3579 1737 3615 α’»

118 3646 273 3714 ιὀςύπόνοιαν
288 3645 370 3717 αὐτὴν
383 3644 451 3724 ἔχειν
464 3645 596 3724 ἀργυρίου.
922 3640 1094 3718 Δαιταλέων.)

152 3753 198 3794 ενι.
215 3730 289 3811 κάγὼ
296 3731 406 3811 ’νέκαψα
420 3751 427 3789 :
439 3728 704 3811 Ἰξνέκαψα,ἰνίθηκα
711 3734 749 3810 τῷ
759 3731 880 3809 στόματι,
963 3748 1015 3789 ατο.
1038 3728 1099 3786 ἀνευ
1113 3727 1260 3809 δρυφάκτου
1276 3750 1283 3789 :
1299 3732 1451 3815 Λρύφακτος
1463 3732 1494 3791 τὸ
1506 3735 1697 3815 παρατεινόμε-
1745 3754 1749 3759 ’

118 3818 216 3895 νομίζων
228 3810 294 3877 εἰναι
309 3817 440 3898 ἀργύριον.
457 3818 572 3894 (πολλοῖς
585 3816 636 3897 γάρ
647 3820 718 3877 ἐστιν
733 3818 788 3885 ἔθος
802 3820 828 3875 έν
842 3820 881 3898 τῷ
923 3838 965 3875 νον
978 3814 1028 3895 [ὡς
1041 3814 1157 3896 εἰρηται]
1171 3815 1245 3885 ξύλον
1259 3822 1312 3884 τοῖς
1323 3820 1465 3887 δικασταῖς.

119 3906 217 3983 στόματι
230 3904 410 3986 φυλάττειντδ
422 3903 564 3985 ἀργύριον.)
963 3924 1013 3963 εει.
1036 3901 1051 3960 δ
1073 3907 1177 3982 πρῶτον
1197 3909 1263 3981 ἡμῖν
1281 3925 1289 3965 :
1306 3906 1368 3964 Ἀπὸ
1390 3910 1441 3965 τῶν
1462 3908 1584 3970 θυόντων.
1606 3913 1698 3969 ἰκτῖνοι

88 4012 106 4046 ιιι
155 3994 247 4075 (ᾠόμην
261 3992 352 4051 λαόεῖν
366 4011 374 4051 :
387 3988 452 4051 Ὅτι
472 3992 549 4063 δηλοῖ
563 3989 607 4049 τὸν
624 3990 730 4067 λεπτὸν,
743 3991 829 4058 θποῖός
842 4015 882 4059 τις
924 3990 975 4071 γάρ
988 3990 1133 4070 πρῶτοντὸ
1146 3982 1219 4071 ὴπαρ
1234 3994 1452 4065 ἰπισκοποῦνται,
1466 3986 1523 4053 εἶτα
1535 3999 1639 4069 σπλῆνα
1652 3998 1698 4058 καί
1710 3987 1738 4055 ευ

118 4074 154 4151 ἧν.
165 4076 195 4153 ὴν
204 4080 228 4139 δὲ
242 4082 343 4161 ἀργυρᾶ
357 4078 515 4156 νομίσματα.
529 4076 685 4159 ὀσφρόμενος
698 4078 725 4137 δί
738 4082 784 4151 τῆς
797 4080 881 4139 δυσω-
924 4076 957 4136 τὸ
966 4077 1056 4137 λοιπά.
1070 4110 1111 4122 -·
1123 4080 1188 4153 ἡμῖν
1199 4086 1251 4145 τοῖς
1263 4081 1407 4147 δικασταῖς.
1421 4093 1451 4139 V.

120 4170 169 4234 δίας
182 4168 344 4245 αἰσθόμενος.)
963 4184 1011 4224 σεε.
1034 4165 1074 4242 (τό
1091 4188 1121 4244 γι
1139 4164 1202 4245 παρ’
1216 4166 1300 4225 αὐτίκ’
1314 4166 1385 4227 ίνδον
1401 4190 1409 4228 τ
1427 4167 1467 4230 Τὸ
1486 4170 1609 4249 παραυτά
1626 4175 1698 4253 εύρι-

155 4276 203 4315 τοι.
227 4252 405 4334 (ἀλεκτρυόνος
422 4254 450 4329 μ’
468 4252 581 4335 ίφασκεν
597 4274 604 4313 :
621 4252 698 4313 Ἐπεὶ
711 4253 797 4313 πάντα
815 4252 879 4313 πίτ-
925 4250 1049 4329 σκόμενον
1064 4250 1122 4309 ἀντί
1135 4257 1181 4311 τοῦ
1195 4252 1360 4334 δρυφάκται.)

121 4346 232 4401 τουσινοί
245 4340 413 4422 ἀλεκτρυόνες
424 4338 587 4421 θερμοτάτην
601 4339 701 4398 κοιλίαν
715 4339 840 4419 ἔχοντες.)
963 4359 1011 4397 εει.
1035 4338 1069 4413 (τί
1083 4351 1145 4396 ποτε
1166 4338 1197 4397 τὸ
1206 4344 1298 4420 χρῆμα
1313 4360 1320 4399 :
1336 4344 1422 4400 Τοῦτο
1439 4346 1454 4399 ό
1468 4344 1608 4411 νεανίσκος.
1621 4347 1697 4425 φιλο-

92 4440 111 4477 ὓ
156 4450 199 4489 τοσ.
219 4428 293 4509 (ταχὸ
307 4435 368 4507 γοῦν
388 4428 509 4508 καθέψεις
522 4447 529 4488 :
546 4425 615 4493 Τοὸς
635 4426 740 4493 δόολοὸς
754 4430 882 4507 ἀργυροῦς
924 4424 1009 4505 χοιρία
1023 4424 1073 4502 δὲ)
1086 4425 1150 4483 ύνσεί
1163 4426 1236 4505 ἔλεγε
1254 4426 1285 4486 τὸ
1299 4428 1491 4507 ἐπιχωριάζειν.
1508 4430 1608 4503 (δεινὸν,
1620 4432 1696 4511 φησί,
1711 4452 1737 4487 ιο

123 4516 226 4593 εἴρηκεν,
236 4519 269 4583 ὡς
280 4516 323 4575 καί
334 4516 409 4592 ἡμεῖς
419 4513 530 4593 λέγομεν
539 4516 666 4593 χαλκοῦς,
677 4514 789 4594 ἀργύρου
798 4514 878 4583 ὄντος.
901 4490 905 4533 ¹
924 4512 957 4573 τά
971 4515 1101 4593 ἐπιχώρια
1116 4517 1210 4595 φιλεῖν,
1221 4514 1286 4573 ὅπου
1305 4516 1350 4575 καί
1363 4508 1438 4583 οὗτος
1449 4516 1483 4576 τὸ
1498 4520 1526 4576 ἰν
1537 4520 1698 4602 δικαστηρίῳ

123 4599 138 4671 ί,
151 4602 233 4660 καθότι
248 4607 313 4682 τρεῖς
328 4601 416 4660 δῦολοί
432 4599 502 4667 ὄντες
522 4604 588 4681 ἀργυ
606 4607 650 4659 οῦν
663 4600 805 4681 τριιύόολον
825 4602 882 4680 ἐγέ-
924 4603 994 4682 φιλεῖ
1006 4600 1113 4677 πάντα.)
1744 4638 1748 4644 -

124 4692 207 4764 νοντο.)
221 4720 252 4729 -
262 4688 300 4747 ότι
312 4688 357 4748 καί
368 4686 455 4747 όόολολ
469 4624 667 4768 ἀργυροῦὴσαν.
682 4699 711 4746 R.
963 4708 1011 4748 ατο.
1035 4688 1130 4767 (βάλλ’
1149 4690 1176 4755 ές
1189 4688 1304 4769 κόρακας
1324 4710 1332 4749 :
1351 4687 1468 4757 Ἔζεισιν
1487 4695 1502 4750 θ
1522 4690 1624 4766 οἰκέτης
1641 4695 1698 4754 κυνὶ

161 4766 185 4846 (ὴ
199 4776 220 4833 δ’
234 4774 258 4839 δς
273 4776 354 4855 λέγων
369 4795 376 4835 :
395 4773 463 4833 ’Λντλ
481 4780 526 4833 τοῦ
544 4774 603 4855 ἔφη,
618 4774 663 4833 καί
682 4774 751 4833 ἔστιν
771 4774 880 4835 ἀπὸτοῦ
925 4778 1053 4854 ἐγκαλῶν.
1065 4775 1150 4834 λείπει
1168 4776 1196 4833 δὲ
1211 4776 1293 4843 οὐδεὶς
1307 4775 1425 4857 ὤφειλεν,
1439 4776 1457 4848 ὴ
1471 4780 1597 4858 χαλεπὸν,
1610 4779 1628 4851 ὴ
1646 4784 1699 4841 δει-

92 4862 177 4936 ευτ’,μί
188 4860 306 4941 κέχρηται
315 4862 343 4921 δί
354 4864 426 4942 αὐτῷ
437 4860 703 4939 συνεχῶςθΠλάτων
715 4862 759 4921 έπί
772 4860 882 4939 μέλλον-
924 4864 985 4939 νόν.)
1711 4891 1738 4926 m

125 4970 163 5013 τος
176 4947 256 5025 μόνου·
270 4951 292 5007 οἰ
304 4948 331 5008 δὲ
342 4949 454 5025 κωμικοὶ
466 4948 510 5007 καί
524 4948 567 5008 ίπί
580 4951 632 5008 τῶν
644 4948 729 5007 άλλοιν
740 4948 860 5029 χρόνων.)
964 4970 1012 5009 ατο.
1035 4948 1076 5028 (οὗ
1088 4948 1139 5028 γάρ
1153 4950 1168 5004 δ
1182 4946 1272 5017 Λάδης
1284 4947 1377 5027 ἀρτίως
1394 4970 1401 5010 :
1417 4948 1536 5011 Ἰἰοωθέν
1545 4977 1583 5021 τις
1591 4954 1695 5014 τούτοιν.

161 5056 206 5096 τεο.
226 5037 301 5113 (ταῦθ’
314 5036 369 5109 ἥξω
385 5057 392 5098 :
408 5034 451 5097 Τὸ
465 5036 529 5117 πρὸς
540 5036 571 5095 τὸ
585 5042 678 5116 σχῆμα
692 5042 737 5095 τοῦ
755 5038 881 5111 δικαστη-
924 5042 962 5118 τῷ
976 5037 1002 5095 δὲ
1026 5035 1083 5094 κυνλ
1101 5035 1183 5110 ὄνομα
1200 5034 1292 5105 Λάόης
1313 5036 1365 5095 ἀπὸ
1383 5044 1428 5095 τοῦ
1449 5038 1593 5117 λαμῦάνειν
1611 5044 1696 5122 θηρία.
1747 5059 1751 5067 ’

129 5122 178 5207 ρίρυ
190 5124 340 5199 ἐπιτηδεύει.)
925 5124 999 5202 τυρὸν
1021 5122 1048 5179 δὲ
1067 5120 1186 5202 ἥρπασεν
1207 5114 1289 5189 οὗτος.
1313 5122 1412 5191 ἀξιοῦσι
1435 5124 1463 5182 δέ
1484 5149 1549 5193 τινες
1571 5131 1605 5194 ῶς
1625 5130 1697 5209 παρά

167 5230 207 5268 τοι.
226 5210 270 5289 δρα
285 5211 313 5269 τὸ
328 5216 421 5289 χρῆμα
442 5232 447 5269 :
465 5212 555 5269 Ταῦτα
573 5210 635 5289 πρὸς
652 5211 751 5281 ἑαυτὸν,
768 5217 811 5269 τοῦ
826 5214 881 5269 υἱοῦ
926 5210 1038 5289 γράμμα
1065 5203 1246 5289 κωμῳδεῖσθαι
1272 5211 1384 5291 Λάχητα
1406 5212 1452 5269 τὸν
1480 5216 1697 5294 στρατηγήσαντα
