4100 6109
1053 446 1266 507 PRAEFATto.

456 606 546 675 terre
563 602 763 690 videbatur,
783 618 859 673 tum
871 605 902 673 si
916 602 1051 697 quibus
1064 617 1175 673 totam
1193 603 1325 673 molem
1339 602 1575 693 scholiorum,
1590 630 1748 701 quorum
1763 630 1870 701 prope

453 749 603 823 dimidia
627 774 709 848 pars
733 750 780 821 ab
804 748 961 821 indoctis
992 752 1164 845 magistris
1190 751 1391 848 composita
1420 766 1494 838 est,
1524 752 1727 848 perlegendi
1758 753 1869 823 otium

453 923 528 969 nou
544 912 598 970 cst
615 898 853 982 antonimus,
872 894 972 967 utilia
992 896 1114 965 omnia
1133 892 1188 965 his
1209 894 1348 990 paginis
1371 895 1527 967 breviter
1544 895 1652 969 relata
1673 900 1870 969 invenient.

456 1053 542 1118 Nam
560 1046 631 1119 hoc
649 1047 809 1118 studiose
830 1060 1057 1116 consectatus
1077 1069 1158 1117 sum
1178 1044 1440 1142 nequidquam
1464 1049 1669 1118 omitterem
1690 1047 1792 1143 quod
1811 1072 1874 1117 usu

451 1190 575 1288 aliquo
593 1216 670 1263 esse
688 1193 812 1288 possit.
830 1189 1024 1263 Sciendum
1039 1206 1091 1261 est
1107 1204 1228 1261 autem

601 1341 759 1407 Ronano
778 1352 814 1407 et
832 1336 967 1431 vulgari
982 1337 1187 1407 charactere
1202 1339 1331 1434 scripta
1347 1362 1423 1408 esse
1441 1362 1573 1423 roura,

601 1486 737 1570 Italico,
759 1510 833 1555 esse
852 1508 1159 1573 senouasraauu,
1266 1475 1269 1483 ¹

598 1632 853 1730 parenthescos
871 1636 978 1730 signis
998 1634 1220 1707 circumdata
1240 1658 1383 1706 anolus

453 1776 575 1849 addita
606 1802 681 1849 csse
710 1777 856 1874 quando
882 1779 1121 1849 necessarium
1148 1777 1345 1849 videbatur.
1378 1778 1413 1851 si
1440 1780 1522 1875 quis
1547 1721 1696 1873 repetita
1714 1774 1877 1871 quaedam

453 1925 587 1998 alicubi
606 1950 683 1997 esse
699 1940 736 1997 et
755 1926 900 1997 brevius
922 1926 1224 2023 commodiusque
1241 1924 1383 2023 disponi
1412 1926 1571 2022 potuisse
1595 1922 1875 2012 animadvertet,

456 2076 545 2146 scito
573 2100 639 2146 nos
665 2076 701 2145 id
726 2092 901 2173 spectasse
926 2076 1077 2173 utquid
1100 2092 1134 2148 et
1155 2090 1332 2173 quantum
1354 2076 1400 2148 de
1429 2100 1573 2173 quaque
1599 2099 1638 2146 rc
1667 2075 1705 2145 in
1730 2096 1875 2170 quoque

454 2224 536 2293 loco
563 2239 677 2321 poetae
700 2239 762 2295 aut
789 2222 1013 2296 scholiorum
1038 2226 1171 2319 legatur
1197 2238 1365 2321 appareat
1384 2252 1392 2293 ε
1408 2248 1488 2321 quae
1517 2224 1656 2296 notatio
1685 2222 1876 2293 contractis

454 2366 642 2438 nonnullis
660 2369 835 2465 periisset.
1575 2352 1579 2361 ¹

505 2510 680 2583 absoluo
696 2512 811 2583 indici
826 2526 955 2585 nostro
979 2513 1229 2583 llusterianum
1252 2510 1492 2595 contulimus,
1513 2524 1546 2579 et
1566 2530 1648 2605 qpae
1667 2508 1704 2579 in
1724 2530 1770 2578 eo
1791 2506 1874 2577 vidi·

452 2680 534 2729 mus
564 2658 672 2731 nobis
692 2682 770 2731 non
800 2659 925 2749 relata,
947 2660 1050 2731 uncis
1073 2656 1212 2729 inclusa
1231 2680 1315 2729 cum
1343 2658 1491 2727 nomine
1524 2656 1634 2753 ipsius
1662 2652 1874 2781 adjecimus,

453 2830 675 2905 quamquam
694 2810 740 2882 ab
767 2788 897 2883 nostro
910 2808 1064 2882 consilio
1078 2808 1203 2881 aliena.
