4100 6109
342 469 407 520 2³8·
935 448 1132 510 SCHOLIA
1154 449 1199 510 IN
1225 447 1343 510 AVES.

352 623 357 631 ·
383 611 442 653 1271.
463 591 495 667 (ιθ
509 583 824 666 Πεισθίταιρ’;’Λγγελος
837 581 1120 665 πιμφθείςεῖςάνθρώ-
1163 604 1220 658 μον.
1282 579 1392 647 Ἄλλως.
1415 579 1533 652 κάπηλος
1551 580 1607 639 άνεί
1628 543 1679 641 τοῦΙ
1698 582 1832 663 μάγειρος,
1848 583 1931 660 ἔςῃγ,

341 702 405 748 πους
419 678 445 748 ἐξ
459 676 566 758 θρνίθων
578 671 735 755 θποστρίφει
744 673 837 753 λέγων,
850 671 891 731 δτι
902 670 999 739 πάντες
1013 671 1120 744 ἥδονται
1162 669 1190 728 δέ
1204 661 1285 736 οὗτος.
1310 668 1413 750 εἴρηται
1428 667 1456 728 δὲ
1469 673 1496 729 ἐν
1510 677 1564 735 τοῖς
1576 669 1698 751 πρόσθεν,
1715 671 1756 730 ότι
1769 674 1855 751 χωλὸς
1868 669 1934 747 οὗτος

340 767 508 849 οίάνθρωποι
518 763 621 845 ὄρνιθας
633 762 758 842 κρατεῖν.)
1162 762 1175 816 ὁ
1189 756 1295 838 Πίρδιξ.
1306 758 1351 838 ἐφ’
1362 749 1393 817 ού
1404 757 1469 838 φασί
1479 757 1527 830 τὴν
1536 757 1690 838 παροιμίαν,
1701 758 1831 840 Πέρδικος
1840 763 1935 838 σκέλος,
1986 755 1990 770 ’

231 903 235 909 .
382 875 443 916 127³.
464 843 487 914 ἐν
504 850 696 912 κατακέλευσον
714 847 823 909 ιθίονεῖ
841 844 943 918 σιωπλν
956 845 1078 926 κήρυξον.
1097 846 1121 904 οί
1163 844 1272 904 ἐπὶτῶν
1289 843 1468 904 λεπτοπόδων.
1525 841 1635 914 Ἄλλως.
1654 845 1778 926 δΠίρδιξ
1796 847 1878 926 ὄνομα
1890 877 1934 911 m-

179 994 188 1013 ,
233 967 239 981 ·
314 939 393 1022 ογδρ
406 938 546 1001 κελευσταὶ
558 935 687 1003 πολλάκις
706 931 808 1007 σιωπὴν
818 933 1013 1014 παραγγέλλιιν
1024 932 1122 992 εἰώθα-
1163 931 1259 1003 πήλου.
1280 930 1366 1011 χωλὸς
1387 923 1458 1002 δί’ἦν
1479 924 1565 1000 οὗτος.
1584 934 1744 1010 μνημονεύει
1762 934 1791 992 δέ
1802 939 1956 1000 «bronnis

341 1054 395 1105 σιν,
408 1026 496 1088 σιάεπα
514 1025 633 1106 λέγοντες
651 1023 699 1082 καί
720 1024 812 1096 άκυυε,
832 1021 879 1081 καί
891 1020 926 1080 τά
942 1021 1032 1098 ὅμοια.
1054 1020 1122 1080 ούτω
1164 1021 1190 1078 ἐν
1202 1018 1343 1100 Ἀναγύρῳ·
1353 1019 1399 1078 καί
1413 1017 1465 1097 μὴν
1476 1021 1538 1099 χθές
1547 1021 1572 1100 γ’
1585 1011 1617 1093 ἦν
1630 1019 1727 1102 Πέρδιξ
1737 1021 1834 1102 χωλός
1847 1025 1937 1102 (τούτου

340 1117 465 1195 Δίὼμος.
524 1113 634 1180 Ἄλλως.
648 1111 707 1171 ἐπεὶ
719 1109 846 1177 πολλάκις
859 1107 963 1190 εἴρηκεν
978 1098 1001 1168 ὦ
1014 1109 1061 1167 καλ
1074 1111 1123 1167 οὐκ
1164 1105 1192 1166 δέ
1207 1109 1300 1168 πολλοὶ
1318 1107 1474 1186 μέμνηνται.
1493 1107 1545 1167 ἀπὸ
1560 1107 1653 1168 τούτου
1669 1109 1698 1168 δί
1711 1133 1777 1192 φασι
1790 1109 1839 1183 τὴν
1853 1135 1936 1194 παροι-

341 1203 446 1284 ἐπίσχει
462 1202 542 1262 αθτδν
559 1198 794 1280 δΠεεοθίταιρες,
805 1202 821 1257 δ
833 1195 943 1276 ἄγγελός
955 1220 1021 1279 φησι
1035 1219 1123 1254 κατα·
1165 1193 1237 1272 μίαν,
1258 1193 1387 1276 Πέρδικος
1407 1193 1511 1266 σκέλος,
1532 1187 1564 1267 ἧς
1576 1195 1622 1254 καῖ
1639 1196 1830 1280 Ἀριστοφάνης
1843 1201 1869 1260 ἐν
1890 1212 1938 1270 ταῖς

341 1289 475 1363 κέλευσον,
492 1288 583 1368 ὥσπερ
598 1295 653 1354 τοῖς
664 1286 814 1370 ἐρίσσωσε,
829 1285 884 1362 (καὶ
895 1274 935 1356 ὖ,
949 1283 1036 1364 λάγει,
1049 1283 1121 1342 παύ-
1165 1282 1287 1364 ἀμέτροις
1295 1281 1449 1362 παροιμίαις
1461 1283 1640 1362 μνημονεύει.)

304 1404 327 1440 νι
342 1381 438 1437 σασθαι
449 1373 647 1458 παρακελευσαί
661 1399 715 1452 μοι.
724 1373 794 1434 afim
804 1372 973 1453 Σύμμαχος).
986 1406 1026 1417 ·-
1039 1393 1122 1435 zm·
1205 1372 1291 1450 (πονε).
1315 1370 1446 1452 Μενίππῳ
1458 1373 1480 1430 δ’
1495 1363 1527 1443 ἦν
1541 1371 1652 1452 χελιδὼν
1665 1391 1674 1433 t
1686 1371 1738 1434 Διδ
1749 1372 1779 1433 τδ
1788 1375 1938 1462 ἱπποτρόφον
1951 1399 1970 1436 ιι

340 1464 463 1526 κε’λευσον
476 1485 484 1525 :
497 1464 581 1542 Σιγλν
595 1462 750 1545 πρόσταξον.
770 1473 833 1520 Ιθσθ.
1165 1449 1232 1518 εἶναι
1247 1459 1300 1539 (καί
1314 1459 1444 1542 καυτηρίορ
1455 1457 1552 1520 τοῦτον
1560 1463 1684 1542 χρῆσθαι)
1700 1460 1784 1528 ούτως
1797 1463 1939 1542 ὠνομάσθη,

383 1575 442 1614 ιωι.
469 1551 684 1630 ἐλακωνομάνουν
709 1571 717 1611 :
740 1553 797 1621 Τῆς
819 1553 871 1608 τῶν
894 1547 1031 1609 Λακώνων
1051 1547 1124 1628 ἤρων
1207 1567 1269 1611 νινε.
1291 1547 1441 1629 Ὀπουντίῳ
1454 1548 1639 1630 δ’δφθαλμίιντ
1656 1548 1803 1627 (Δίδυμος)
1818 1554 1939 1618 ῶςτοωύ-

339 1641 480 1708 πολιτείας.
498 1642 583 1718 (τοῦτο
597 1631 693 1699 δέείπε
704 1637 748 1696 διδ
759 1637 790 1697 τὸ
803 1636 940 1717 θπερίχειν
954 1634 1014 1704 τοῖς
1028 1637 1124 1696 Λύκοι-
1166 1659 1211 1695 του
1225 1636 1275 1710 τλν
1289 1635 1349 1716 άβιν
1361 1635 1434 1703 ἐντος
1448 1636 1605 1712 μνημονεύει
1617 1639 1698 1697 αὐτοῦ
1712 1638 1759 1698 καί
1770 1639 1843 1718 με’γα
1857 1643 1940 1723 βύγχος

340 1751 386 1795 νας
396 1733 434 1808 τῷ
442 1727 552 1810 πολέμῳ
563 1727 643 1805 τότε.)
653 1724 800 1806 άρχεταιδέ
812 1723 974 1786 διαόάλλειν.
985 1723 1123 1783 διαύοίλλεε
1167 1723 1269 1803 ἔχοντες
1288 1723 1343 1801 (καί
1355 1729 1371 1782 δ
1390 1722 1438 1792 τδς
1456 1723 1617 1794 ’Λταλάντας
1637 1725 1757 1808 γράψας,
1771 1727 1821 1786 καί
1836 1729 1941 1800 Εὔπολις

303 1839 327 1880 εκ
342 1815 369 1875 δὲ
381 1814 481 1875 καὶτὸν
493 1814 688 1897 Σωκράτηνῶς
700 1811 995 1894 βυπαρδνκαλπένητα.
1094 1837 1098 1845 ·
1166 1814 1193 1870 ἐν
1213 1809 1323 1895 Ταξιάρ·
1336 1835 1384 1880 οις.
1407 1811 1567 1893 Σύμμαχος·
1582 1813 1777 1894 φαίνονται·τ“ον
1799 1821 1940 1900 Λυκοῦργον
1953 1847 1969 1884 1¹.

381 1924 444 1965 ιεειι.
466 1901 578 1980 ἐκόμων,
597 1901 706 1960 ἐπείνων
721 1921 730 1961 :
748 1897 852 1976 (Εἰπὼν
864 1897 894 1956 τδ
908 1896 1012 1976 ἐκόμων
1028 1898 1074 1959 καί
1090 1896 1124 1958 τδ
1168 1897 1310 1978 Λίγύπτιον
1323 1923 1391 1958 ιιναι
1402 1899 1551 1978 νομίζοντες
1562 1899 1581 1973 δ,
1592 1900 1623 1961 τδ
1634 1900 1720 1982 γάνος,
1732 1901 1751 1975 ἢ
1761 1903 1940 1984 τοθςτρόπως,

340 1990 412 2063 ἑξῆς,
425 1990 578 2062 ἐπιτηδείοις
596 1988 689 2069 ἐπάγει
707 1987 738 2047 τὸ
750 1985 926 2066 ἐσωκράτουν.
941 1991 1055 2045 τοιοῦτοι
1072 1984 1124 2068 γδρ
1167 1987 1340 2070 Φερεκράτης
1352 1987 1462 2070 Ἀγρίοις
1483 2015 1495 2041 ι
1512 1979 1588 2065 οἶμαι
1604 1991 1628 2049 δ’
1644 1991 1724 2050 σύτδν
1740 1991 1896 2053 κινδυνεύειν
1911 2000 1940 2064 είς

341 2081 363 2137 οἱ
372 2078 519 2161 φιλόσοφοι.
532 2078 635 2155 ἐκόμων
646 2075 728 2136 δίκα)
740 2078 764 2134 σί
776 2073 947 2141 Λάκωνεςίις
957 2077 1122 2157 τρυφῶντες.)
1166 2103 1179 2128 ιι
1193 2073 1241 2148 τήν
1262 2073 1397 2156 Λίγυπτον
1419 2076 1505 2144 οίκους
1521 2075 1617 2150 λε’ξεις,
1636 2075 1688 2141 ίνα,
1703 2077 1742 2154 με)
1762 2079 1862 2160 συνίχῃ
1883 2093 1941 2143 τοῖσι

381 2185 441 2226 ma.
462 2163 581 2224 σκυτάλι’
595 2161 704 2246 ἐφόρουν
723 2188 730 2225 ·.
746 2162 882 2242 (Σκυτάλη
897 2159 959 2233 ἤτοι
980 2161 1123 2236 Λακωνικὴ
1167 2191 1179 2216 ι
1195 2163 1348 2245 Λυκούργου
1358 2161 1528 2245 πατριώταις.
1542 2187 1553 2214 ν
1567 2164 1670 2242 μήποτε
1684 2157 1729 2226 οθν
1743 2169 1782 2234 είς
1792 2167 1826 2227 τδ
1835 2169 1941 2230 εύτδκαί

300 2271 328 2312 ου
345 2253 472 2325 ἐπιστολὴ
486 2252 504 2324 ὴ
518 2254 658 2334 βακτηρία.
670 2251 779 2335 ἐφόρουν
791 2248 843 2332 γάρ
856 2249 963 2334 βαρείας
980 2251 1124 2332 βακτηρίας
1168 2253 1295 2332 Κρατῖνος
1311 2251 1426 2324 Δηλιάσι
1449 2279 1461 2306 ιι
1484 2250 1599 2311 τούτοισι
1622 2253 1646 2312 δ’
1665 2252 1772 2314 ὄπισθεν
1792 2253 1843 2314 ίτω
1863 2257 1971 2339 δίφροις,

340 2339 511 2408 οίΛάκωνες.
531 2347 577 2400 ποῖ
596 2340 623 2400 δέ
638 2339 778 2399 σκυτάλων
790 2338 820 2397 τδ
839 2360 857 2396 α
871 2337 1029 2409 ἐκτείνεται,
1043 2343 1078 2407 ὡς
1097 2345 1123 2400 ἐν
1166 2337 1277 2420 ιφίρωυ
1289 2343 1439 2420 Λυκοῦργος
1451 2339 1456 2420 (
1468 2338 1538 2419 ἔχων
1549 2338 1698 2418 καλάσιριν.
1710 2339 1787 2400 εδδδ
1801 2341 1942 2427 καλάσιρις,

224 2451 230 2461 ·
340 2426 481 2500 Ὁλκάσιν,
493 2426 554 2486 ἔνθα
571 2425 618 2485 καί
632 2425 662 2485 τδ
681 2429 849 2508 Νικοφῶντος
862 2424 889 2494 ἐξ
908 2425 1059 2507 ’Λφροδίτης
1071 2431 1123 2488 Γο-
1165 2424 1246 2506 χιτὼν
1254 2423 1507 2508 πλατύσημος.φησί
1516 2425 1543 2486 δέ
1552 2427 1741 2509 Κηφισόδημος
1750 2427 1793 2488 δτι
1801 2431 1940 2509 Λίγυπτίων

339 2518 390 2574 νῶν
411 2513 542 2595 παρετέθη
564 2542 577 2567 ι
597 2517 645 2574 οθκ
666 2515 693 2582 ἐς
715 2513 831 2594 κόρακας
857 2512 895 2572 τὼ
915 2512 984 2594 χεῖρ’
1006 2513 1125 2583 ἀποίσεις
1165 2513 1271 2587 ἡλέξις.
1284 2513 1421 2573 διαδάλλει
1433 2511 1460 2572 δέ
1475 2514 1553 2573 αὐτὸν
1565 2515 1582 2587 ἢ
1594 2517 1630 2584 ῶς
1642 2515 1749 2590 (ἐνσηῆ
1765 2520 1804 2585 ὥς
1817 2519 1939 2600 πονηρόν.)

340 2631 356 2655 ιι
367 2601 486 2662 ἐκποδὼν
500 2601 554 2661 ἐπὸ
571 2607 618 2661 τοῦ
633 2602 775 2662 σκυταλίου
788 2625 818 2660 τι
838 2601 883 2660 καί
902 2605 949 2673 τῆς
963 2601 1095 2682 διφθέρας.
1111 2632 1121 2656 υ
1207 2623 1266 2662 ιοοε.
1287 2601 1393 2682 κορυδδς
1412 2621 1419 2662 :
1440 2601 1553 2673 Μήποτε
1573 2602 1731 2686 δίυκίφαλος
1748 2597 1783 2678 ἦν
1806 2609 1842 2674 είς
1855 2607 1883 2666 τὸ
1895 2609 1941 2668 ἄνω

300 2717 326 2758 οε
340 2689 410 2750 ούτω
430 2689 589 2772 Σύμμαχος.
606 2695 621 2751 θ
640 2690 669 2750 δλ
682 2691 797 2768 Δίδυμος
810 2689 940 2750 σκυτάλια
957 2689 1005 2756 τάς
1020 2695 1123 2770 βακτη-
1165 2689 1210 2748 καί
1228 2687 1368 2772 θρνιθύιδης
1381 2689 1430 2762 τὴν
1444 2690 1572 2771 κεφαλήν.
1587 2689 1627 2751 δτι
1643 2693 1671 2751 δί
1684 2693 1796 2774 αἰσχρὸς
1814 2685 1847 2766 ἦν
1866 2694 1907 2753 καὶ
1919 2699 1969 2766 iva

341 2779 409 2856 ρίας,
421 2770 463 2847 αἷς
471 2779 508 2838 τδι
522 2777 642 2839 σκύταλα
652 2779 803 2852 τύπτουσιν,
813 2777 830 2837 θ
840 2781 897 2838 ἐστι
906 2776 967 2845 τοὺς
974 2779 1124 2863 τραχήλους
1165 2777 1443 2860 Θεσμοφοριαζούσαις
1455 2779 1520 2858 [ωε]
1535 2780 1618 2852 δηλοῖ.

340 2869 383 2896 ’“
396 2895 407 2922 ε
422 2865 548 2939 ἢπαύσει
564 2865 672 2949 βάκτρῳ
682 2867 781 2949 καλίνῳ
797 2865 916 2926 σκύταλα
929 2866 1006 2949 Φρύξ
1020 2869 1122 2949 ἀνήρ.»
1209 2865 1371 2947 χηναλώπηξ
1392 2887 1399 2928 :
1419 2870 1572 2948 Πανοῦργος
1590 2859 1631 2940 ἤν.
1652 2867 1692 2927 διδ
1709 2867 1831 2942 εἰλόιπηξ.
1851 2871 1894 2929 καί
1908 2871 1941 2930 δτι

339 2953 461 3034 Ἄλλως.)
476 2954 594 3026 σκυτάλη
609 2953 665 3013 ἐστί
679 2951 821 3023 Λακωνικι)
832 2952 969 3025 ἐπιστολή.
985 2945 1058 3014 ούτοι
1072 2953 1123 3038 γίιρ
1166 2955 1320 3027 ἀναίσθητος
1340 2953 1385 3013 καί
1409 2953 1530 3035 φθονερὸς
1548 2954 1595 3014 καί
1615 2955 1737 3036 πονηρός.
1756 2961 1771 3016 δ
1795 2957 1823 3016 δέ
1841 2956 1941 3036 Δίδυμος

341 3041 478 3121 μέλλοντες
488 3040 604 3121 πέμπιιν
620 3039 768 3122 στρατηγὸν
783 3043 819 3108 είς
830 3039 875 3099 τδν
884 3039 1009 3118 πόλεμον,
1019 3041 1122 3102 ἐποίουν
1166 3041 1288 3122 Θεαγένη
1304 3042 1350 3102 καί
1365 3041 1503 3104 Φιλοκλέα
1521 3041 1601 3124 φησίν
1614 3043 1761 3125 δρνιθόιδεις
1775 3036 1853 3105 εἶναι.

208 3201 214 3209 ¹
299 3152 327 3190 ιιυ
344 3128 389 3189 δύο
404 3128 662 3211 βάόδωςίσοπιίχεις
678 3128 887 3208 καίίσομήκεις,
900 3129 946 3189 καί
960 3128 1008 3202 τὴν
1024 3129 1072 3208 μέν
1086 3135 1124 3212 τῷ
1208 3152 1268 3191 ιιυο.
1289 3128 1357 3199 Ὶόις
1369 3129 1514 3213 Λυκούργῳ
1528 3153 1535 3192 :
1547 3131 1586 3192 Ἣ
1602 3136 1637 3200 δις
1651 3133 1807 3215 Αἰγυπτίῳ,
1819 3133 1837 3205 ἢ
1850 3137 1884 3202 ὡς
1896 3157 1970 3212 μα-εο

339 3221 480 3299 στρατηγῷ
493 3216 615 3295 μίλλοντι
626 3215 720 3285 ἐξιίναι
731 3220 767 3284 εἰς
777 3218 895 3295 πόλεμον
909 3217 1022 3291 ἐδίδουν,
1033 3217 1082 3290 τὴν
1095 3220 1122 3278 δέ
1166 3221 1309 3302 κροσκελεῖ.
1323 3211 1377 3286 ῖύις
1391 3217 1418 3277 δὲ
1432 3219 1520 3298 ὄρνεον
1532 3221 1672 3290 πλεονάζον
1682 3225 1710 3280 ἐν
1721 3219 1860 3303 Αἰγύπτῳ.

338 3306 400 3386 παρ’
412 3307 498 3373 αὐτοῖς
514 3303 584 3368 είων.
598 3304 645 3364 καί
656 3303 701 3364 ὅτε
716 3304 851 3384 βούλοιντο
865 3303 1015 3386 ἀπόρρητόν
1030 3327 1056 3365 τι
1074 3329 1123 3380 ση·
1206 3309 1395 3390 Χαιρεφῶντιτ
1416 3305 1451 3367 ‘0
1470 3311 1610 3391 Χαιρεφῶν
1626 3308 1708 3387 με’λας
1721 3309 1766 3369 καὶ
1780 3311 1823 3390 ιίιχ
1842 3311 1868 3380 b:
1884 3335 1939 3394 προ-

338 3390 575 3472 μάναιτῷοῖπόντι
593 3395 749 3472 στρατηγῷ,
763 3393 848 3470 ταύτῃ
864 3391 959 3450 λευκὸν
974 3392 1060 3473 δέρμα
1075 3417 1122 3453 πε·
1166 3395 1276 3480 είρηται.
1291 3394 1514 3476 (νυκτερίςδίκαλ
1527 3395 1602 3477 παρδι
1615 3397 1815 3477 τοῖςάλλοις.)ο
1883 3399 1940 3460 δ’ἐν

338 3477 515 3559 ριειλιξανεις,
529 3478 643 3565 ίγραφον
663 3480 700 3546 είς
712 3478 787 3538 αὐτό.
803 3477 857 3538 ὁδί
872 3479 1021 3559 στρατηγδς
1032 3478 1123 3540 λαύδιν
1166 3483 1207 3556 τίη
1222 3485 1362 3566 Χαιρεφῶν
1375 3487 1389 3541 θ
1404 3481 1580 3565 Σωκρατικός.

298 3586 325 3625 σε
338 3564 403 3624 αὐτὸ
414 3565 461 3625 καὶ
472 3563 664 3647 περιελίξαςτῇ
675 3565 739 3647 παρ’
751 3569 824 3647 αύτῷ
835 3565 925 3648 βάύδῳ
935 3567 1103 3646 ἀνεγίνωσκε.
1208 3589 1266 3632 12⁹7.
1288 3571 1444 3652 Συρακοσίῳ
1457 3573 1484 3630 δὲ
1499 3571 1575 3648 κίττα
1589 3591 1597 3632 :
1614 3563 1708 3650 (θύιος
1718 3571 1770 3656 γίερ
1782 3577 1836 3634 τῶν
1849 3573 1939 3656 περῖτδ
1950 3608 1969 3645 ι,

378 3653 507 3730 (σκυτάλι’
522 3654 653 3735 ἐφόρουνε
670 3653 758 3714 Πάλιν
770 3653 827 3732 άντλ
838 3659 885 3712 τοῦ
899 3654 1065 3724 ἐλαιιιύνιζον.
1078 3654 1123 3715 καί
1168 3661 1272 3738 βῆμα.)
1295 3658 1342 3718 καὶ
1369 3657 1486 3726 Ιίύπολις
1506 3663 1541 3727 ὡς
1561 3659 1640 3719 λάλον
1663 3659 1815 3721 ἐν’Πθλεσι
1835 3665 1939 3742 διασύρει

340 3737 381 3798 ότι
395 3739 547 3801 Λακωνικὸν
560 3741 590 3801 τδ
600 3745 647 3814 τῆς
658 3740 809 3818 σκυτάλης.)
821 3739 947 3822 [ἔγραφον
960 3739 989 3800 δέ
1002 3744 1032 3800 οδ
1045 3741 1123 3820 μόνω
1167 3747 1194 3823 (ι
1209 3744 1370 3826 Συρακόσιος
1384 3746 1406 3805 δ’
1422 3743 1514 3820 ἐοικεν,
1528 3745 1596 3815 Ιἡνίκ’
1608 3745 1639 3805 δν
1652 3745 1732 3828 λέγη,
1742 3757 1798 3816 τοῖς
1816 3749 1939 3809 κυνιδίοισι

340 3829 398 3895 ταῖς
408 3829 550 3896 σκυτάλαις
563 3829 771 3912 ἐγχαράσσοντες
779 3827 826 3896 τδις
836 3828 987 3903 ἐπιστολὰς,
999 3829 1069 3888 ἀλλά
1077 3829 1123 3890 καί
1166 3861 1178 3884 ιι
1193 3837 1275 3892 τοῖσιν
1287 3831 1394 3892 ἐπὶτῶν
1406 3833 1520 3914 τιιχίων.
1535 3835 1635 3902 άναόθς
1648 3831 1700 3916 γδιρ
1711 3835 1756 3894 ἐπὶ
1769 3835 1803 3895 τδ
1816 3837 1878 3916 βῆμ’
1888 3839 1940 3894 θλα-

343 3915 520 3998 βσκτηρίαες.)
1167 3946 1178 3971 ι
1193 3921 1252 3978 κτιῖ
1265 3919 1436 4001 περιτρέχων.
1449 3948 1462 3973 υ
1477 3921 1550 3980 δοκεῖ
1565 3920 1592 3979 δέ
1606 3923 1653 3981 καί
1667 3921 1795 4004 ψήφισμα
1810 3923 1939 3982 τεθεικέναι

297 4032 325 4068 ,ο
383 4023 443 4064 ιεσσ.
463 4007 581 4083 κατῇραν
595 4005 631 4070 εἰς
642 4001 675 4061 τέ
689 4001 778 4082 βιόλίοι
791 3999 941 4072 εἜπαιξεν
953 4005 990 4071 εἰς
1000 4002 1031 4062 τδ
1045 4001 1120 4085 φιλό-
1166 4005 1204 4084 μ)
1222 4009 1406 4090 κωμῳδεῖσθαι
1424 4007 1550 4086 ὀνομαστί
1565 4006 1636 4082 τινὰ,
1650 4011 1686 4076 ὡς
1700 4007 1838 4091 Φρύνιχος
1851 4014 1877 4070 ἐν
1890 4016 1938 4072 Mo·
1949 4039 1968 4077 ω

336 4091 417 4164 δικον,
429 4089 511 4151 ιίπιίιν
523 4094 558 4157 είς
569 4089 603 4150 τδι
616 4090 707 4172 βιδλία
723 4091 781 4150 ἐντί
793 4098 841 4151 ποθ’
854 4093 890 4159 είς
902 4090 937 4150 τά
950 4091 1121 4173 ψηφίσματα.
1164 4091 1283 4177 υοτρόπῳ
1292 4095 1363 4177 φησί·
1373 4093 1492 4176 ψῶρ’ἐ’χε
1500 4097 1669 4177 Συρακόσιον.
1680 4097 1810 4180 ἐπιφανλς
1818 4098 1869 4180 γάρ
1878 4101 1939 4181 αύτῷ

335 4176 445 4247 Ἄλλως.
459 4183 494 4246 ὡς
515 4178 559 4237 ἐπὶ
578 4178 686 4260 ὀρνίθων
704 4178 895 4258 καθεζομίνων.
907 4177 972 4238 ,δίον
989 4179 1018 4238 δέ
1039 4182 1122 4238 εἰπεῖν
1164 4183 1210 4241 καί
1222 4181 1291 4262 μίγα
1303 4183 1387 4262 τύχοι.
1399 4183 1520 4263 ἀφείλετο
1529 4183 1580 4265 γάρ
1591 4187 1727 4267 κωμῳδεῖν
1739 4185 1784 4254 οθς
1795 4187 1937 4266 ἐπεθύμουν.

335 4269 372 4336 εἰς
387 4266 448 4336 τοθς
462 4269 603 4345 λειμῶνας.
696 4302 699 4306 1
1165 4269 1204 4329 διδ
1218 4269 1370 4352 πικρότερον
1386 4273 1458 4352 αὐτῷ
1471 4271 1685 4354 προσφέρονται.)

377 4375 438 4417 ιαεν.
460 4347 507 4414 σῖτ’
523 4351 677 4431 ἀπενέμοντ’
694 4355 806 4414 ἐνταῦθα
826 4373 834 4415 :
852 4353 986 4415 Ἐνταῦθα
1004 4356 1121 4427 συναλη-
1205 4356 1315 4424 Μειδίας
1331 4357 1353 4416 δ’
1371 4357 1425 4418 ἐκεῖ
1437 4356 1513 4438 όρτυξ
1528 4361 1577 4418 ;”
1592 4358 1627 4419 ‘0
1639 4357 1687 4436 μίν
1700 4361 1817 4440 Δίδυμος
1831 4361 1938 4429 ow

296 4467 326 4506 ιι·
336 4443 463 4523 λιμμίνον
475 4441 622 4524 ἐμφίόολόν
632 4445 712 4502 ἐστιν.
725 4441 795 4501 δκαλ
806 4439 996 4511 ἐπιτετηδευκε.
1008 4441 1121 4500 διελόντι
1164 4443 1192 4503 δί
1206 4442 1351 4523 ’Λμμιύνιος
1364 4443 1436 4526 ᾠήθη
1452 4443 1478 4513 ἐξ
1492 4445 1610 4506 ἐπιθέτου
1622 4447 1735 4508 Μειδίαν
1749 4449 1849 4530 ὄρτυγα
1859 4452 1937 4509 καλιῑ-
1948 4484 1968 4521 u

336 4530 411 4591 δῖτδ
421 4530 471 4608 μίν
486 4533 556 4589 ἐστιν
570 4528 707 4607 ἐνέμοντο,
724 4528 755 4590 τδ
773 4529 819 4603 δδ,
835 4527 1014 4607 ἐπενίμοντο,
1029 4527 1121 4588 τουτί·
1164 4536 1234 4592 σθαι.
1249 4531 1357 4611 γελοίως
1372 4531 1416 4592 διίι
1433 4531 1463 4591 τὸ
1477 4533 1605 4606 κυὸευτλν
1620 4526 1686 4594 εἶναι
1703 4535 1748 4595 καί
1762 4539 1790 4596 ἐν
1805 4537 1876 4620 γύρῳ
1887 4538 1938 4604 τοῖς

336 4645 395 4682 στιν
409 4620 595 4699 ἀνεγίνωσκον.
1163 4617 1275 4701 όριυγας
1284 4617 1400 4692 κόπτειν,
1415 4618 1505 4697 (οὕτως
1517 4621 1595 4681 αὐτὸν
1604 4628 1649 4681 ν’ῦν
1661 4623 1849 4706 Ἀριστοφάνης
1862 4649 1936 4706 προο-

378 4730 438 4770 ιονυ.
459 4710 518 4768 ἐντί
539 4715 586 4770 τοῦ
603 4714 656 4771 τῶν
679 4708 786 4793 ὀρνίθιον
809 4712 989 4786 ἐπιθυμοῦσα,
1012 4707 1120 4767 δίστιν
1164 4715 1232 4767 εἰπε.
1260 4707 1335 4778 δηλοῖ
1357 4705 1385 4765 δὲ
1411 4713 1487 4767 τοῦτο
1512 4707 1697 4793 Ἀριστοφάνης
1723 4711 1776 4790 [ἐν
1802 4713 1938 4792 Περιαλγιῖ

337 4796 458 4879 ἐρημίας.
471 4809 501 4856 R.
1164 4822 1175 4846 ιι
1190 4793 1318 4876 χρηστδν]
1334 4793 1371 4871 με)
1386 4792 1455 4853 κατά
1473 4795 1584 4855 Μειδίαν
1599 4796 1784 4880 ὀρτυγοκόπον.
1802 4823 1814 4850 ι
1834 4797 1936 4878 λίγειδί

297 4904 340 4953 ευ,
378 4905 438 4945 lm.
460 4884 557 4968 Πέρδιξ
571 4885 619 4964 μίν
638 4875 674 4954 είς
690 4884 809 4959 κάπηλος
822 4905 831 4947 :
846 4885 879 4946 Ὁ
893 4882 942 4963 μίν
955 4883 1054 4965 Πέρδιξ
1068 4907 1116 4943 σα·
1163 4883 1190 4940 ἐν
1210 4881 1371 4962 Ποαστρίαις
1385 4885 1401 4940 δ
1415 4881 1505 4954 αύτδς,
1518 4885 1554 4950 ὡς
1571 4883 1617 4942 καί
1631 4883 1691 4965 περ)
1705 4883 1849 4966 ἀλίκτορας
1867 4886 1966 4954 αύτοῖςε

337 4975 391 5053 φῶς
401 4972 486 5051 ὄνομα
499 4972 599 5054 κύριον.
614 4973 745 5055 Μενίππῳ
759 4973 787 5032 δέ
801 4973 937 5050 ἐπώνυμον
948 4964 981 5044 ἦν
993 4972 1116 5052 χελιδών.
1163 4967 1362 5036 ἐσπουδακότος.
1375 4967 1545 5029 διαόάλλεται
1558 4969 1586 5028 δέ
1595 4967 1631 5037 είς
1641 4993 1669 5028 τε
1678 4971 1817 5054 πονηρίαν,
1826 4975 1862 5040 ίες
1872 4972 1937 5033 Πλά-

337 5059 368 5118 τδ
388 5059 416 5119 δέ
433 5059 490 5130 ίξῆς
509 5060 579 5119 κατδι
594 5061 624 5120 τδ
640 5064 734 5120 οίκιῖον
756 5059 893 5132 εἴληπται,
907 5065 946 5141 τῷ
964 5059 1117 5141 Ὀπουντίῳ
1162 5079 1214 5117 των
1227 5059 1254 5115 ἐν
1266 5055 1373 5128 Νίκαις,
1384 5057 1429 5116 καί
1441 5055 1542 5128 κλοπὴν
1553 5057 1696 5135 δημοσίων,
1708 5061 1744 5125 ὡς
1757 5057 1937 5138 Μεταγίνηςέν

337 5145 407 5222 λέγω
419 5146 449 5204 τδ
463 5145 557 5225 κόραξ,
571 5144 611 5204 ὅτι
624 5136 712 5226 άρπαξ
724 5146 769 5204 καί
782 5145 896 5216 ἀναιδής.
911 5146 952 5204 ότι
965 5144 992 5205 δέ
1007 5145 1053 5204 καί
1066 5169 1114 5223 μο-
1163 5143 1291 5226 Ὁμήρῳ,
1310 5143 1356 5202 καί
1375 5145 1558 5226 συκοφαντίαν.
1578 5141 1690 5212 κόύαλός
1707 5143 1861 5223 τεέλέγετο
1879 5137 1935 5203 εῖναι

340 5233 483 5314 ιόφθαλμος
494 5223 568 5300 υύτος
580 5232 743 5314 προείρηται.
760 5235 790 5292 ού
806 5232 910 5300 πάντως
924 5231 953 5293 δέ
965 5237 1000 5301 ὡς
1012 5225 1118 5310 ἐπείνυῖι
1162 5231 1208 5291 καί
1219 5231 1412 5311 πτωχαλαζὼν,
1423 5235 1458 5298 ῶς
1468 5229 1602 5312 Φρύνιχος
1613 5233 1639 5290 ἐν
1652 5231 1793 5313 Ἐφιάλτῃ.
1806 5236 1820 5290 δ
1832 5231 1858 5291 δέ
1872 5233 1935 5309 Σύμ·
