4100 6109
818 380 822 391 ·
840 360 966 429 rtttrt.
1629 382 1684 436 σιτ

114 504 157 574 δας
170 501 502 588 βεόαμμάνακλοιιμάτια,
517 498 634 557 drevani
648 502 770 575 γύναίκις
781 490 877 574 περιά·
921 506 951 553 et
972 495 1108 579 σκνιροθς,
1142 512 1277 577 tanquam
1298 500 1424 578 proximi
1451 502 1537 580 plane
1560 505 1686 581 geneth,

116 618 214 654 πτουσι.
248 600 307 653 Pro
339 590 519 667 κλιοεμάτιι,
541 580 622 665 quod
650 584 800 642 Glossario
822 602 877 641 suo
917 580 1015 658 junxit
1029 584 1117 643 etiam
1132 588 1271 665 Aspasius
1293 587 1329 645 ad
1349 587 1546 649 Aristotltb.
1564 592 1629 651 Nic.
1648 600 1685 666 4,

117 688 235 743 inserere
254 682 319 741 non
340 678 465 738 debebat
490 683 635 752 Ducang„
658 672 811 750 legendum
834 682 878 728 est
922 671 943 727 f.
960 670 1008 745 51,
1022 691 1049 745 a,
1066 671 1186 750 κίμὸικτς
1200 674 1345 753 (λέγονται)
1360 676 1405 735 καλ
1421 677 1626 760 κυμινοπρίστοι
1639 681 1685 740 καί

117 774 172 830 sine
186 771 279 829 dubio
295 767 541 844 alucpc'cm‚fila,
555 782 620 840 quae
631 762 717 819 variis
730 758 877 817 coloribus
921 757 1046 839 γνίριυνις
1059 762 1104 819 καὶ
1119 763 1223 822 σκνιπσὶ
1236 765 1260 821 ol
1275 760 1357 844 μικρὰ
1368 763 1519 845 προϊέμενοι
1538 767 1583 825 καί
1601 768 1685 827 διδόν-

117 862 215 917 inlecta
238 860 318 917 collo
342 855 510 933 corporisve
530 849 663 929 partibus
682 850 746 907 aliis
757 847 877 923 adligari
920 871 971 915 stc·
991 855 1080 911 F0rte
1098 852 1250 913 mirabitur
1266 855 1390 933 aliquis,
1411 856 1462 913 ubi
1480 855 1611 938 γνίραινας
1637 860 1685 917 hic

116 946 249 1005 solebant.
266 946 379 1005 Eadem
396 942 474 1021 apud
483 939 613 999 medicos
633 939 720 997 etiam
742 937 877 994 dicuutur
921 953 1097 1001 memoratos
1113 953 1141 999 et
1154 940 1279 1009 σκνιποθς
1292 943 1337 1004 vel
1352 940 1472 1025 σκνιροθς
1493 943 1530 1002 ah
1551 964 1609 1003 una
1628 947 1685 1005 ori·

116 1033 333 1115 περιαριήματα,
347 1045 377 1091 et
389 1029 558 1111 ίξαρτήμοιτσ
571 1028 704 1086 Tatiauo.
718 1029 878 1083 llcxsr.-
921 1025 987 1101 gine
999 1026 1101 1086 dixero
1113 1028 1254 1107 pendeam
1269 1050 1327 1107 quo
1341 1042 1453 1102 tamen,
1468 1031 1492 1088 si
1509 1030 1579 1109 quid
1598 1045 1641 1090 est
1654 1034 1685 1091 in

118 1124 149 1178 52
157 1121 300 1199 ἐλευθέριος
307 1120 526 1179 melinsdictunr
536 1115 623 1173 luisse
629 1112 754 1172 ostendit
764 1117 875 1171 lletnst.
920 1114 1119 1173 notationibus
1131 1116 1286 1176 verborum
1299 1117 1483 1195 exquirendis
1493 1119 1620 1193 firmum,
1634 1120 1684 1179 ni·

117 1248 144 1261 ..
157 1210 188 1277 54
200 1208 325 1290 σκνιρολς
339 1208 383 1266 ed.
394 1207 479 1266 Basil.
493 1202 572 1282 quod
583 1201 778 1272 emendatius,
797 1220 875 1278 prae·
920 1200 960 1258 hil
972 1221 1034 1260 esse
1044 1204 1142 1283 verius
1153 1206 1296 1265 existimo.
1315 1210 1428 1265 Hausr.
1447 1204 1514 1265 Vid.
1537 1208 1681 1267 Gaislord.

116 1300 205 1354 sertim
218 1297 242 1355 si
257 1299 341 1355 vocis
352 1298 494 1374 originem
505 1293 655 1363 attendas,
670 1310 756 1368 quam
768 1289 876 1369 σκιροδς
918 1288 955 1347 ad
974 1291 1064 1351 schot.
1082 1292 1229 1353 Theocriti
1239 1315 1270 1373 p.
1283 1296 1347 1352 188.
1360 1300 1451 1353 Dran.

117 1386 182 1462 legi,
195 1385 294 1442 nullus
309 1384 416 1442 abnuo.
439 1389 545 1441 Verrnn
566 1394 662 1439 tanmn
681 1379 746 1437 ideo
760 1379 876 1457 penitus
960 1378 1028 1453 592,
1050 1398 1084 1436 ιο
1101 1380 1380 1458 ἐπιοτομηθιλςοῑὶιιιιι
1394 1383 1431 1443 Θ.
1442 1395 1471 1439 et
1486 1387 1558 1461 neg.
1577 1384 1682 1443 lluste-

117 1472 332 1550 improbandam
348 1491 411 1529 esse
424 1490 483 1528 non
497 1468 688 1527 concesserim
702 1468 875 1543 scripturam
919 1484 968 1523 rus
979 1489 987 1523 :
998 1469 1106 1525 Rectius
1117 1467 1335 1547 ίπιστομισθιίς.ι
1344 1476 1412 1531 Non
1420 1469 1574 1545 dissentio;
1585 1492 1684 1550 quam-

117 1564 262 1632 veterem,
272 1579 361 1637 quam
378 1561 477 1637 genuit
501 1559 620 1615 forsitan
639 1570 727 1633 atque
742 1555 771 1612 in
792 1574 875 1612 usum
918 1575 1005 1633 quam
1017 1560 1134 1617 memini
1147 1559 1268 1619 sormam
1278 1574 1431 1638 utramque
1440 1561 1537 1621 multis
1548 1562 1577 1621 iu
1589 1565 1684 1623 verbis

117 1650 187 1725 vulgi
203 1647 344 1725 produxit
353 1646 518 1725 expeditior
531 1641 745 1723 pronunciandi
761 1661 871 1700 cursus.
918 1647 1083 1723 promiscue
1095 1650 1199 1727 saepius
1211 1649 1355 1728 usurpari,
1370 1648 1506 1731 λοιδορεῖν,
1515 1650 1682 1731 λοιδορίζιιν*

96 1762 102 1770 ·
118 1736 268 1811 Hesychius
279 1747 361 1793 certe
374 1755 433 1792 non
449 1746 558 1791 tannim
571 1731 705 1804 Σκνιπὸν,
718 1729 874 1811 μικρολόγον
919 1733 1119 1810 ἀπολογεῖσθαι,
1130 1736 1349 1814 ἀπολογίζεσθαι·
1367 1736 1417 1795 sed
1430 1736 1606 1816 ἐπιστομίζειν
1619 1760 1685 1819 per·

118 1824 276 1898 adnotavit,
299 1823 455 1883 sedetiam
469 1820 583 1893 Σκιπδς,
597 1819 733 1901 σκνιρδςδ
748 1818 874 1899 μικρολότ
918 1835 1013 1900 petuae
1036 1824 1252 1884 consuetudinis
1270 1826 1473 1885 auctoritatem
1496 1825 1605 1885 habet:
1623 1828 1682 1888 vid.

117 1935 168 1983 γος·
182 1931 358 1989 quamquam
369 1910 439 1969 alibi
453 1911 559 1988 saepius
570 1910 633 1987 ipse
646 1906 752 1988 σκνιρδς
761 1919 792 1965 et
806 1930 875 1965 σκνι-
921 1910 1066 1989 Aristoplt
1078 1916 1130 1989 Eq.
1148 1933 1176 1970 v.
1190 1916 1265 1988 841,
1284 1926 1314 1973 et
1330 1916 1438 1973 Sulcer.
1458 1916 1544 1974 Thes.
1570 1921 1683 1975 qusr.

82 2004 85 2008 ’
118 2005 164 2077 ,ὥς
177 2014 297 2078 usurpet
317 2002 348 2058 in
372 1998 519 2078 Ιλίσχρος,
542 1994 711 2076 Ὀλιγάιρως,
730 1995 874 2061 Φινδιολός.
918 2002 987 2059 ttaec
999 2012 1109 2059 tanturn
1120 2000 1208 2060 hahet
1222 2003 1269 2075 Θ,
1286 2006 1363 2063 τοῦτο
1376 2002 1477 2073 παίζων
1491 2003 1557 2084 ρησλ
1572 2002 1683 2085 Χρεμόγ

118 2088 203 2145 suida
214 2087 336 2163 quidem
350 2088 546 2145 testimouium
558 2087 599 2144 ita
612 2085 768 2157 disertum,
778 2098 811 2143 ut
821 2085 875 2144 du·
914 2087 981 2163 λος,
993 2089 1177 2166 ίπιστσμηθείς
1191 2090 1254 2171 παρ’
1265 2090 1354 2160 αὐτῆς.
1676 2134 1681 2145 .

120 2178 219 2236 bitandi
233 2179 317 2236 locus
332 2176 442 2235 nonsit
458 2201 465 2235 ι
482 2176 597 2258 Σκιρδς,
613 2180 702 2257 θπαρ’
715 2180 780 2252 ἡμῖν
793 2178 873 2254 λιγό-
959 2174 1016 2251 593
1030 2194 1088 2233 om.
1110 2176 1195 2235 etiam
1216 2178 1252 2236 Θ.
1265 2210 1305 2221 -
1316 2180 1361 2236 ολΙ
1374 2180 1409 2244 ὡς
1428 2178 1483 2255 ίγκ.
1501 2178 1597 2256 aptius
1620 2198 1682 2237 esse

119 2288 186 2341 μενος
196 2262 313 2331 σκνιπός.
329 2271 431 2343 Neque
442 2265 575 2335 aliunde,
599 2284 645 2321 ine
665 2264 784 2341 judice,
806 2280 874 2323 sunt
918 2262 1122 2322 animadvertit
1134 2268 1245 2323 Hemst.
1256 2298 1295 2310 ·-
1308 2284 1346 2342 ²9
1356 2268 1433 2342 ἡμῶν
1450 2268 1485 2329 τίς
1500 2262 1622 2331 τούτους·
1636 2264 1681 2325 καί

119 2354 297 2429 explanandi,
314 2374 389 2431 quos
404 2358 527 2413 Crantor
543 2352 686 2421 vocabat,
700 2351 796 2431 σκίφης
822 2370 873 2427 μι-
917 2348 976 2417 τοθς
987 2353 1028 2408 de.
1041 2348 1128 2421 ὤθησε
1145 2350 1237 2429 λόγους
1250 2352 1351 2423 Βοιν,
1365 2352 1482 2431 reliquis
1494 2353 1617 2413 omissis.

120 2440 168 2497 στοὶ
179 2438 262 2517 στίχοι
275 2440 356 2517 apud
371 2442 493 2518 Diogen.
506 2450 595 2513 t.‚a7,
610 2460 734 2517 quoraun
747 2450 873 2497 mentem
958 2439 1031 2515 594,
1048 2440 1141 2508 33-45
1158 2440 1242 2499 sicin
1260 2445 1309 2513 V.,
1327 2438 1383 2507 ίθσς
1400 2443 1432 2512 ἠν
1457 2464 1490 2521 τη
1509 2440 1611 2521 Ἑκάτῃ
1632 2439 1681 2514 τὴν

119 2529 188 2587 solus
199 2531 362 2607 percepisse
372 2530 441 2587 mihi
455 2528 572 2586 videtur
588 2527 873 2587 Kiibnius.lndidem
917 2526 1046 2608 τριακάδα
1061 2527 1088 2586 iv
1103 2536 1160 2593 ταῖς
1170 2526 1280 2609 τριόδοις
1300 2537 1397 2606 τιμᾶν,
1419 2528 1462 2586 διδι
1485 2528 1514 2587 τδ
1535 2527 1682 2601 αὐτὴνκαὶ

120 2620 205 2675 oritur
215 2620 308 2698 σκιρίοι
324 2618 368 2674 vel
383 2615 490 2698 σκιρεία
501 2660 510 2690 ,
522 2616 601 2693 quod
615 2617 646 2674 in
660 2617 796 2693 Hesychii
809 2617 873 2674 loco
918 2618 1039 2687 Σελήνην
1050 2615 1096 2676 καί
1109 2614 1232 2699 Ἄρτεμιν
1249 2618 1392 2676 καλεῖσθαι.
1409 2615 1507 2695 ίτίμυιν
1527 2614 1555 2676 δὲ
1567 2618 1649 2689 αθτλν
1658 2620 1682 2677 al

120 2706 211 2763 leviter
221 2705 336 2764 adfecto
355 2703 566 2765 restituendum
582 2704 709 2762 arbitror
727 2726 734 2762 ι
750 2701 872 2782 limbis,
916 2702 1038 2765 πλυόσιοι
1052 2704 1145 2787 άρτους
1165 2704 1210 2763 καί
1228 2702 1296 2762 ἄλλα
1311 2700 1372 2763 τινὰ
1391 2702 1503 2773 τιθέντες
1526 2702 1617 2787 ὥσπερ
1633 2708 1681 2763 θυ-

120 2794 219 2873 σκυρίο,
233 2794 408 2875 μικρολογία·
420 2793 552 2872 quamvis
566 2795 643 2853 enim
659 2793 764 2872 aliquis
775 2794 873 2872 suspi-
917 2793 986 2853 σίαν.
999 2794 1104 2873 ίλάγιτο
1117 2794 1162 2853 καί
1177 2792 1218 2853 ότι
1233 2795 1258 2851 ol
1269 2790 1380 2864 πάν-ητις
1402 2792 1447 2851 ἀπ’
1466 2794 1552 2852 αθτιῗιν
1571 2792 1680 2872 λαμόά-

120 2882 171 2939 cari
182 2883 283 2960 possit,
301 2883 467 2941 condidisse
489 2883 745 2961 lexicographurn,
763 2897 795 2941 ut
806 2904 872 2943 cre·
916 2905 1001 2950 νοντσς
1013 2881 1105 2954 ἤσθιον
1125 2880 1171 2940 καί
1188 2879 1277 2960 ίλιγσν
1300 2876 1369 2953 dciii
1386 2879 1489 2954 Ἑκάτη
1502 2881 1680 2964 αὖτδίραγι,

121 2970 233 3028 berrime
247 2972 339 3043 solet,
362 2970 395 3030 τδι
409 2970 525 3049 ιιυμόίο,
544 2972 652 3049 quibus
671 2973 873 3050 interpretatio
916 2969 988 3051 λέγει
1011 2961 1072 3045 clv,
1087 2964 1270 3029 -lcllooctv
1294 2968 1369 3029 αιἰτά.
1382 3008 1422 3023 -
1455 2971 1492 3039 34
1532 2974 1556 3030 οἱ
1587 2970 1681 3030 τολλολ

120 3059 205 3139 σκυρία
218 3079 276 3118 non
291 3062 390 3139 inepte
404 3062 576 3133 conveniat,
598 3074 627 3118 et
639 3059 688 3133 τλν
704 3060 814 3137 κιμάίαν
828 3063 873 3119 vel
917 3067 987 3139 lieg.
999 3080 1054 3139 pro
1066 3057 1096 3117 τδ
1109 3062 1174 3117 παλ.
1197 3092 1229 3103 -—
1242 3059 1279 3117 35
1296 3057 1419 3139 Ἄρτεμιν
1436 3062 1471 3117 V.
1486 3062 1568 3137 Πομ,
1581 3061 1631 3137 qui
1651 3082 1680 3117 τι

121 3147 229 3223 sipisim
239 3194 247 3220 ,
259 3150 338 3206 malo
355 3163 450 3207 tamen
462 3150 549 3207 unius
563 3150 654 3207 literae
669 3168 762 3227 prona
776 3161 872 3209 muta·
916 3149 962 3209 καί
973 3147 1015 3209 Ἄ.
1035 3145 1174 3229 Ἀρτέμιδα
1188 3147 1247 3207 ald.
1262 3185 1294 3196 -
1307 3149 1343 3207 36
1358 3150 1383 3206 cl
1395 3148 1441 3207 πλ.
1456 3148 1557 3208 δεῖπνον
1570 3146 1681 3229 ἐοιτίρας

122 3237 189 3293 tione
206 3236 290 3312 hujus
308 3239 415 3295 erroris
434 3258 499 3295 eum
513 3237 666 3297 absolvi...
681 3238 873 3317 Theophanes
916 3241 952 3304 ὡς
965 3236 1057 3296 θυσίαν
1075 3240 1109 3314 τῇ
1124 3233 1227 3315 Ἑκάτῃ
1244 3234 1418 3314 προσάγοντος
1436 3234 1478 3294 tat
1494 3244 1551 3301 ταῖς
1571 3236 1681 3315 τριόδοις

122 3324 267 3401 chronogr.
281 3346 313 3403 p.
329 3325 396 3397 aas,
414 3329 446 3397 B,
460 3322 563 3401 ίγάνιτο
575 3325 602 3384 δὲ
612 3327 640 3383 ίν
656 3328 694 3404 τῷ
709 3324 797 3406 χρόνῳ
812 3326 873 3384 τιό-
917 3326 1015 3385 ἐτίθουν
1032 3330 1102 3401 neg.
1116 3328 1195 3383 Junt.
1210 3325 1246 3389 ὡς
1256 3323 1321 3382 Ald.
1336 3356 1376 3369 -
1390 3325 1426 3382 38
1440 3346 1507 3383 πιιν.
1523 3342 1580 3383 om.
1599 3330 1679 3401 λαμ,

120 3436 153 3491 τῳ
167 3409 315 3483 θανατικδν,
337 3412 384 3470 καὶ
406 3413 498 3471 κνιπία
511 3412 609 3479 παντὸς
631 3412 733 3480 εἴδους·
748 3434 871 3491 quorum
916 3416 966 3493 qui
980 3416 1018 3489 39
1028 3411 1109 3493 ίραγτ
1127 3415 1221 3469 ταῦτα.
1238 3410 1282 3470 lb.
1303 3410 1434 3489 ἐμάθομεν
1456 3413 1491 3473 V.
1506 3444 1545 3460 ·—
1563 3421 1601 3480 θο
1613 3412 1679 3470 lert.

122 3510 261 3578 propterea
270 3499 445 3559 mentionem
455 3520 491 3557 eo
498 3500 635 3559 libentius
642 3500 706 3572 leci,
720 3514 782 3559 turn
794 3503 872 3580 quod
916 3502 1034 3561 κάλλιον.
1051 3504 1237 3566 Duru-41
1256 3496 1322 3569 αὐτ-λ
1332 3503 1378 3571 V.,
1392 3518 1428 3559 ex
1445 3520 1504 3578 quo
1521 3500 1624 3558 deiude
1634 3519 1680 3558 ac·

122 3587 194 3644 codd.
215 3586 254 3644 ibi
272 3586 421 3645 scribendi
443 3589 473 3645 in
497 3588 554 3647 isto
567 3588 685 3647 nomine
705 3590 872 3649 varietatem
916 3592 1001 3651 cessit
1012 3588 1059 3648 καλ
1074 3586 1141 3653 τίνες
1159 3586 1213 3645 ίσθ.
1231 3586 1309 3645 αὐτά.
1326 3589 1479 3665 Sequentia
1501 3584 1681 3659 ἔθος-πίνη·

123 3676 187 3732 clare
197 3675 364 3752 designentv,
380 3696 448 3733 nam
462 3677 542 3734 velut
555 3698 572 3735 a
586 3674 693 3748 κυιπδς,
705 3678 783 3753 quotl
802 3682 873 3755 Ety-
915 3702 963 3748 τας
973 3679 1061 3739 habet
1074 3676 1176 3735 suidas
1189 3695 1212 3733 s.
1225 3672 1354 3745 Ἑκάτην,

124 3764 240 3838 mologus
249 3762 339 3821 babet
347 3783 376 3820 v.
387 3762 534 3838 ψιιδιολδς,
545 3764 575 3821 in
585 3763 743 3822 editionem
753 3764 873 3824 defluxit
957 3768 1014 3843 595
1028 3765 1046 3837 ἣ
1062 3766 1096 3831 εἰς
1110 3776 1164 3823 etc.
1185 3767 1249 3821 Hoc
1268 3762 1396 3820 scholion
1415 3762 1453 3821 atl
1470 3760 1538 3834 ala-q
1556 3776 1678 3841 spectat.

123 3870 152 3906 ex
170 3850 262 3926 Regiis
277 3850 452 3910 membranis
473 3851 582 3925 κνιπία,
606 3852 647 3910 sic
669 3872 687 3909 a
700 3851 807 3920 οκνιπδς
827 3856 872 3913 vel
915 3862 1005 3915 Dino.

124 3938 223 4005 σκνηπδς
233 3940 406 3998 narberinus
418 3940 493 3999 liber
502 3938 633 4012 σκνηπία,
647 3941 844 4001 Peirescianus
856 3964 872 4003 a
958 3945 1025 4021 596,
1042 3938 1078 3999 θα
1093 3936 1285 4017 τηγανισμὲνου
1300 3942 1390 3997 Dorv.

123 4025 323 4099 σκηπδςσκηπία
346 4029 519 4106 praeserunt:
535 4041 595 4088 tum
610 4030 679 4106 quia
689 4030 761 4087 viris
773 4032 873 4089 erudi·
958 4035 1015 4110 598
1032 4050 1090 4089 orn.
1106 4029 1192 4087 etiam
1205 4027 1282 4087 9.-
1302 4046 1335 4098 17
1351 4046 1413 4103 sqq.
1429 4026 1540 4085 Cratini
1555 4028 1680 4087 locusex
1710 4086 1712 4090 .

126 4114 163 4183 tis,
173 4114 234 4172 licet
244 4116 482 4193 significationem
493 4116 531 4175 ab
546 4118 672 4179 Historia
686 4120 815 4178 Miscella
829 4120 872 4179 di·
917 4120 1122 4200 Hephaestione
1131 4126 1175 4172 est
1196 4133 1227 4191 p.
1247 4121 1292 4185 47.
1309 4150 1340 4162 -
1358 4115 1393 4171 ιθ
1407 4118 1452 4171 νῦν
1466 4115 1532 4173 Αίά.
1549 4120 1584 4174 Ιιι
1601 4120 1679 4175 lunt.

125 4200 244 4259 dicissent
256 4220 332 4273 ιινιι,
349 4224 377 4283 p.
396 4206 465 4281 5υ9,
482 4212 578 4281 inopia
591 4214 682 4264 omnis
692 4215 810 4283 speciei,
824 4212 873 4269 nass
917 4206 962 4287 ἔχε
972 4204 1068 4282 σιγάν·
1084 4204 1204 4261 καλεῖται
1214 4197 1241 4257 δὲ
1255 4198 1301 4259 καλ
1314 4200 1490 4281 παροιμιακὸν
1507 4201 1550 4259 nt
1562 4202 1592 4262 τδ
1609 4204 1679 4261 πολ-

126 4290 175 4347 tiva
188 4303 278 4349 tamen
291 4294 373 4351 vocis
385 4305 513 4372 potestas
526 4306 615 4373 atque
628 4295 801 4355 incunabula
816 4300 871 4356 mi·
917 4296 964 4362 λδις
977 4291 1121 4371 παροιμίαι
1133 4288 1219 4369 τούτῳ
1229 4292 1387 4360 πεποιῆσθαι
1401 4292 1440 4369 τῷ
1453 4288 1550 4370 μίτριρ.
1566 4287 1676 4357 Ἄλλως.

126 4377 193 4434 nime
202 4378 315 4436 fuerunt
325 4393 485 4459 perspecta.
500 4383 667 4459 Ducsnglus
679 4382 710 4440 in
727 4382 874 4442 Glossario
917 4381 1047 4465 παροιμία
1062 4379 1169 4439 ἐπὶτῶν
1183 4377 1297 4463 άκριόῶς
1308 4376 1413 4437 εἰδότων
1427 4377 1461 4436 τί.
1471 4376 1515 4435 καλ
1527 4376 1614 4437 πάντα
1622 4391 1677 4436 etc.

126 4478 244 4524 accentus
254 4468 328 4525 vitio
342 4470 490 4548 deceptus,
504 4490 593 4548 quum
603 4470 695 4528 xvima
709 4473 874 4549 reperisset,
918 4473 986 4544 llla,
1002 4466 1133 4551 παροιμία
1150 4467 1194 4526 lael
1204 4470 1256 4527 τῶν
1271 4464 1385 4547 ἀκριὸῶι
1401 4462 1509 4524 εἰδότων
1530 4488 1570 4539 τι,
1586 4470 1680 4547 perti-

127 4552 233 4612 lormam
256 4557 339 4614 vocis
364 4558 532 4617 inusitatam
561 4571 648 4635 atque
670 4557 873 4628 abhorrentem
917 4580 987 4617 nere
1008 4557 1142 4637 suspicor
1162 4557 1198 4614 ad
1221 4576 1249 4613 v.
1271 4556 1329 4613 600
1347 4553 1406 4631 [cul
1422 4554 1578 4631 ascriptum
1597 4558 1681 4615 estin

127 4638 215 4699 κνίπιον
231 4644 351 4705 effinxit.
368 4647 440 4704 lllud
454 4660 593 4726 praeterea
608 4660 712 4706 notatu
723 4668 783 4705 non
796 4648 874 4707 indi·
918 4648 1019 4725 Regio,
1032 4643 1136 4703 additis
1149 4642 1219 4720 λίγιι
1233 4640 1260 4701 δὲ
1274 4640 1314 4700 ότι
1330 4642 1360 4699 οὐ
1370 4639 1409 4719 μή
1419 4662 1453 4718 με
1465 4638 1565 4710 πείσεις
1579 4648 1623 4704 καί
1637 4643 1682 4703 ihs

128 4733 323 4805 gnomonicis
337 4756 352 4792 a
367 4737 546 4816 Theophane
559 4782 567 4811 ,
580 4738 824 4815 quemadmodum
838 4738 875 4797 ab
919 4736 993 4815 δόξῃς
1006 4732 1131 4811 reihand,
1146 4731 1228 4810 quasi
1248 4729 1286 4789 ab
1303 4732 1338 4788 iis
1353 4728 1576 4807 proverbialiter
1596 4752 1681 4793 usur-

111 4826 114 4829 ’
128 4816 298 4881 inferioribus
314 4825 425 4883 Latinis
436 4833 658 4901 parsimoniam,
683 4828 767 4886 aliter
789 4840 875 4906 atque
919 4826 983 4904 pari
996 4840 1114 4881 mouere
1134 4820 1286 4892 voluisset,
1300 4819 1350 4897 qui
1369 4818 1406 4880 de
1419 4822 1540 4881 veritate
1559 4821 1684 4899 cujusvis

129 4924 174 4964 usu
189 4909 294 4987 vulgari
316 4913 391 4969 solet
411 4932 466 4991 pro
489 4916 610 4973 caritate
629 4934 726 4972 rerum
746 4934 876 4973 necessa-
919 4914 962 4972 rei
980 4910 1111 4989 persuasi
1139 4920 1309 4987 asuscepta
1329 4911 1415 4969 semel
1430 4910 1571 4969 sententia
1598 4909 1683 4968 nullis

130 4993 223 5053 riarum
235 5017 267 5054 ac
278 5000 399 5077 penuria
412 5003 493 5079 poni,
506 5002 623 5079 quando
638 5002 774 5060 nimirum
784 5022 876 5061 anno-
920 5001 1059 5061 machinis
1080 4994 1221 5055 dimoveri
1246 5016 1277 5059 se
1299 5011 1458 5078 patiuntur.
1479 5004 1587 5059 stsr.
1608 5034 1633 5047 -
1645 5002 1681 5057 all

131 5081 205 5140 nane
213 5087 328 5163 species,
341 5102 375 5145 ut
386 5089 448 5147 tcti
461 5084 636 5167 loquuntur,
649 5110 707 5148 non
722 5091 776 5149 nisi
790 5110 877 5169 parce
920 5087 989 5150 ’λντλ
1003 5092 1049 5146 τοῦ
1063 5082 1157 5167 ρθίγξη
1171 5086 1208 5146 V·

131 5168 267 5247 stricteque
275 5174 393 5251 praeberi
401 5177 600 5253 compararive
608 5174 878 5256 possuntlllpdtxaa
961 5180 1029 5252 69ο,
1046 5177 1081 5247 37
1097 5194 1138 5231 σοι
1152 5192 1212 5235 ont.
1226 5179 1262 5233 R.
1277 5195 1319 5235 σοι
1332 5188 1361 5234 et
1374 5192 1453 5253 seqq.
1470 5193 1526 5232 om.
1544 5176 1582 5235 Θ.
