4100 6109
812 361 961 422 νιιιιι.
1336 408 1338 413 .
1622 380 1678 439 5,,

130 516 236 559 oramen
250 498 329 555 visus
341 493 509 553 incredibile
520 492 662 551 tribuisse.
678 491 793 551 Suidss:
805 495 877 571 Λυγ-
920 494 1018 573 ponit,
1031 510 1129 565 elom.
1142 496 1171 553 la
1180 498 1232 554 τῶν
1244 497 1362 577 Δελφῶν.
1373 494 1431 554 -5
1444 498 1525 569 σθιῆς
1535 501 1583 570 τῆς
1593 499 1684 565 θυσίας

130 587 186 653 τέως
206 579 393 662 δξνωπύσσιρσν
414 579 534 660 βλέπεις·
557 570 632 647 οὗτος
651 582 754 659 ἐγένετο
768 580 877 661 θδελρδς
920 583 986 642 ald.
999 595 1029 641 et
1040 583 1106 641 lort.
1118 584 1155 644 Θ.
1167 606 1194 643 τι
1211 583 1293 643 addit
1312 588 1423 643 Hemst.
1439 589 1501 645 -6
1522 606 1565 665 sq.
1583 583 1685 653 Ἄλλως

130 676 196 735 'tta
211 677 244 737 θος
260 668 288 729 dl
304 668 489 753 Ἀριστοφάνης
509 670 536 727 tv
558 662 695 740 Δαναΐσιν,
717 665 772 734 utic
790 667 876 747 Αἰγύ-
919 668 1071 742 -λεθήτιον
1090 692 1147 731 om.
1170 672 1203 731 V.
1219 672 1361 731 λοιπασθθν
1380 680 1413 736 R.
1437 676 1473 735 Θ.
1495 673 1597 757 λειρθθν
1618 675 1685 736 Ald.

130 767 331 823 πτον·τοσο’ύιον
349 760 377 821 at
393 758 592 830 θξιιωπύστστος
605 749 638 831 ἦν
652 770 708 818 etc.
727 764 797 831 Qua
811 773 878 839 post
922 763 1019 831 Quum
1039 760 1134 826 λοιπάς
1147 772 1176 819 et
1187 757 1375 843 λοιπαδύριον,
1388 764 1468 840 quod
1484 784 1537 841 per
1558 768 1684 841 reliqua-

130 852 264 929 apollonii
287 870 388 909 versus
417 861 590 928 sequuntur,
615 848 690 907 nihil
715 867 818 906 eorum
847 848 878 907 in
920 853 992 905 νιίιοι
1006 849 1211 927 explicaturin
1224 850 1392 925 Glossariis‚
1408 854 1583 911 recentiores
1592 852 1686 911 Graeci

129 940 222 999 Snida:
237 952 265 998 et
282 950 516 998 suntsanenotae
541 936 711 996 recentioris
724 936 879 1014 minusque
922 933 1197 1009 dixerint,verbum
1217 958 1335 1016 qnoque
1349 938 1468 1008 λοιπιίζω
1484 940 1627 999 exstitisse
1643 939 1687 997 vi-

128 1041 255 1108 spectatae.
268 1034 425 1089 Hanan-
435 1030 471 1087 31
481 1031 563 1088 Nem.
582 1047 607 1097 ι,
622 1026 693 1096 ns,
702 1026 791 1086 modo
803 1024 828 1084 is
841 1026 879 1083 sit
921 1022 1021 1097 detur,
1033 1025 1112 1103 quod
1123 1026 1264 1103 Ducangii
1278 1026 1426 1085 Glossario
1437 1028 1589 1087 inseratur.
1610 1027 1687 1084 Sub-

130 1119 208 1189 locus,
222 1138 279 1175 non
291 1116 364 1175 alius
380 1116 483 1194 aliquis
499 1134 536 1173 ex
560 1114 671 1174 amissis
687 1113 805 1173 Pindari
818 1133 880 1171 car·
922 1113 1079 1171 stantivum
1099 1111 1262 1192 λοιπασμσθς
1280 1116 1417 1193 scriptori
1436 1114 1639 1195 Philopatridis
1658 1136 1684 1173 c.

128 1204 250 1279 minibus,
271 1224 358 1283 quein
384 1206 415 1263 in
438 1204 536 1261 animo
561 1202 730 1261 scholiastes
758 1200 878 1260 habuit:
923 1218 961 1257 ao
975 1217 1030 1276 pro
1043 1202 1349 1284 νιιΙριιεοδλειπσσμσδς
1364 1205 1490 1263 restituit
1504 1207 1537 1263 ll.
1555 1204 1688 1263 Valesius

128 1293 232 1352 mmihi
245 1293 363 1369 quidem
375 1290 452 1375 δρνδα
468 1292 496 1350 b
506 1289 627 1371 στελέχει
643 1274 789 1349 sedentem
798 1293 879 1366 Lyn·
922 1289 953 1349 in
967 1290 1205 1350 annotationibus
1218 1291 1346 1351 ineditis.
1360 1298 1450 1352 Dran.
1462 1328 1494 1343 -
1507 1312 1522 1367 7
1534 1291 1598 1353 ἔνιοι
1610 1292 1648 1366 δὲ,
1658 1293 1689 1353 εδ

128 1400 186 1439 oens
201 1380 287 1438 ridet.
302 1384 413 1439 Ηετιετ.
439 1379 486 1457 aci
508 1379 628 1437 accessit
643 1396 680 1436 ex
701 1379 749 1451 0.,
761 1377 813 1455 qui
841 1375 879 1434 35
922 1379 1054 1451 λεύήτων.
1072 1385 1135 1440 Νοιι
1152 1394 1213 1452 est,
1233 1381 1312 1459 quod
1330 1383 1405 1441 forte
1420 1385 1485 1461 quis
1507 1384 1688 1462 suspicetur,

127 1468 234 1550 ἔνερθεν,
249 1469 287 1527 36
299 1490 358 1528 om.
367 1460 418 1542 εἷς,
432 1469 468 1541 37
480 1458 576 1538 xal‘ob,
588 1467 683 1534 38-43
696 1486 754 1523 om.
767 1465 795 1523 ta
808 1466 879 1543 τῷ·
923 1467 1011 1527 lectlo
1021 1469 1118 1541 varia;
1136 1468 1187 1526 sed
1200 1486 1276 1527 nova
1289 1469 1492 1546 interpretatio
1507 1472 1587 1529 vocis
1606 1469 1688 1552 κρεό-

128 1556 237 1637 ισριερδς
244 1548 491 1625 Ἴδας-δύσθεος
504 1576 562 1615 om.
572 1561 609 1615 V.
627 1554 674 1613 Ib.
690 1544 750 1635 εθρε
759 1550 880 1631 μόταλλσ
923 1555 995 1614 διον·
1012 1575 1072 1635 qno
1086 1568 1198 1632 spectat
1211 1557 1305 1633 glossa
1318 1563 1408 1618 Dorv.
1421 1556 1469 1629 τὴν
1481 1556 1591 1638 χύτραν.
1603 1560 1689 1619 ilatio

127 1644 371 1723 etct’alaephatum
378 1644 531 1723 descripsit
543 1663 568 1702 c.
584 1662 631 1714 ιο,
640 1641 729 1701 ubiv.
738 1642 878 1699 Galeam:
922 1665 981 1702 non
993 1644 1140 1703 dissimilis
1153 1644 1266 1704 obtinet
1277 1646 1307 1703 in
1321 1654 1407 1728 κρεῖον
1421 1647 1499 1725 opud
1517 1651 1635 1705 Homer.
1653 1648 1687 1707 ll.

127 1736 187 1791 item
197 1734 365 1811 apostolius
383 1753 429 1805 ra,
445 1735 490 1791 ι3.
501 1734 651 1790 llum.-
668 1738 704 1804 ‘⁸7
716 1741 746 1787 et
760 1748 823 1807 sqq.
839 1728 880 1787 sie
923 1736 947 1804 1,
960 1734 1028 1806 206,
1046 1733 1125 1811 quod
1140 1734 1316 1811 capiendum
1331 1735 1407 1793 loret
1422 1754 1477 1814 pro
1496 1736 1560 1813 ipsa
1584 1755 1688 1807 carne,

127 1824 152 1879 in
162 1826 191 1879 V.
202 1822 247 1890 6.,
266 1822 355 1881 ἄλλων
371 1820 419 1879 καὶ
433 1818 477 1879 διδ
495 1824 573 1878 τοῦτο
591 1815 689 1899 ἐρρήθη
712 1815 823 1898 (εθρύθη
833 1818 880 1894 V.)
923 1840 960 1878 an
974 1840 1029 1899 pro
1041 1822 1153 1895 lebete,
1169 1834 1281 1881 veteres
1296 1823 1484 1883 dubitarunt:
1500 1844 1526 1881 ν.
1550 1823 1642 1881 schol.
1660 1836 1689 1881 et

127 1906 412 1991 immantatum
425 1906 458 1967 rt
468 1903 596 1988 εἰρημένα
608 1906 678 1985 τύχῃ
687 1903 739 1962 cml
754 1902 881 1976 teitan
923 1911 1054 1970 Eustath.
1079 1931 1109 1989 p.
1134 1912 1209 1987 767,
1231 1913 1356 1988 llcsych.
1382 1914 1412 1971 iu
1443 1914 1553 1994 Κρεῖον,
1578 1911 1687 1992 Κρήϊον.

127 1998 165 2056 ιιαλ
184 1988 290 2078 εἶρε-
304 1998 339 2055 51
354 1994 488 2079 ἀναφέρει.
512 1998 622 2053 Omnes
641 1994 708 2052 edd.
728 1990 880 2075 περιφέρει·
924 2000 1034 2057 nausa.
1044 2036 1076 2049 -
1089 2000 1383 2076 pinterpunctionem
1398 2018 1461 2075 quas
1472 2000 1501 2057 in
1519 1998 1619 2057 codice
1633 2012 1690 2067 eat,

127 2086 323 2163 necdiscrcpat
337 2084 515 2163 apostolius.
527 2087 586 2141 Res
599 2083 664 2159 ipsa
677 2080 804 2160 postulat
814 2082 881 2137 θνα-
924 2083 1117 2145 ιιατεσθύονται
1136 2079 1182 2144 aial
1194 2086 1364 2145 δαπανῶνται
1378 2084 1494 2165 ἑψόμενα
1511 2084 1545 2157 ἣν
1564 2086 1691 2145 correxit

127 2170 205 2253 ρι’ρει,
217 2172 296 2251 qnod
311 2173 418 2251 legitm
434 2171 466 2230 in
476 2170 667 2249 Palaephato:
686 2170 774 2248 paulo
792 2180 879 2226 astte:
925 2173 1102 2247 Schaelerus,
1121 2174 1153 2245 ἣν
1178 2175 1215 2234 ad
1228 2171 1329 2254 χύτραν
1344 2168 1480 2233 reserens.
1500 2175 1596 2233 Bastio
1615 2176 1688 2232 scri-

128 2260 223 2343 ιίνύρερε
234 2261 279 2321 τὸν
291 2258 406 2341 χσλιεόν.
418 2264 529 2319 Ηιιιετ.
925 2261 1053 2321 bendum
1067 2262 1223 2322 videbatur
1233 2260 1261 2322 t.
1275 2267 1318 2321 De
1336 2260 1454 2341 κρεάδισν
1473 2260 1586 2319 Bestius
1605 2262 1691 2320 allert

162 2370 209 2407 air
224 2349 253 2408 τὸ
263 2373 292 2408 π.
306 2372 342 2427 με
354 2347 450 2430 βλέψαι
462 2366 521 2406 om.
536 2347 627 2405 Paris.
926 2352 1098 2429 Alciphron.
1119 2354 1152 2422 3,
1167 2372 1214 2411 aa.
1225 2356 1317 2409 Duru.
1335 2351 1415 2407 Idem
1431 2348 1562 2407 scholion
1578 2350 1691 2407 Bestius

161 2447 212 2504 ιιύ
224 2436 261 2498 '0
276 2458 337 2497 om.
352 2441 388 2496 V.
403 2440 418 2495 δ
433 2434 492 2495 ’Aac
509 2454 567 2493 om.
580 2438 615 2494 G.
925 2438 955 2495 in
968 2441 1045 2499 notis
1060 2458 1127 2497 mss.
1144 2439 1274 2498 enotavit
1285 2458 1321 2498 ex
1332 2438 1434 2497 codice
1451 2438 1546 2509 2835,
1561 2437 1611 2496 ubi
1632 2428 1691 2516 ὶνῇ

162 2527 222 2582 215.
235 2525 281 2585 Ad
293 2526 373 2584 hunc
384 2543 500 2593 Versum
512 2524 543 2582 ln
555 2529 589 2582 V.
600 2520 778 2599 adscriptum
790 2541 873 2578 συνσι·
925 2526 971 2584 καὶ
989 2525 1056 2609 χρόα
1076 2525 1114 2587 Ῑδ,
1128 2528 1237 2605 Regius
1247 2538 1347 2585 noster
1362 2526 1460 2603 (σθαι)
1475 2548 1482 2583 :
1497 2528 1549 2604 Κρ.
1562 2522 1579 2595 ἢ
1594 2527 1691 2601 τμῆμα

127 2612 329 2691 ρι’σειθῑτοῦθι,
342 2631 408 2689 quae
421 2630 479 2668 om.
491 2616 526 2670 G.
539 2610 751 2688 corrigendum
768 2606 883 2667 videtur
925 2616 1009 2695 κριῶν
1023 2612 1119 2695 φησὶν,
1132 2612 1150 2685 ἢ
1164 2611 1213 2685 τὴν
1226 2612 1344 2696 χύτραν,
1357 2604 1420 2692 ἕνῇ
1441 2612 1475 2671 τὰ
1494 2610 1559 2693 κρύει
1576 2610 1691 2693 ἑψόμενα

127 2700 277 2781 Wtfllpwtt,
294 2700 377 2778 (1¹¹0(l
393 2710 506 2778 special
526 2698 564 2757 ad
582 2686 680 2774 ὦγαθέ·
693 2697 771 2756 τῠῧδθ
786 2710 881 2754 aulem
926 2700 1029 2761 {torn
1042 2702 1124 2781 ἤγουν
1136 2702 1320 2762 κατεσθίονται
1338 2701 1384 2761 καλ
1405 2701 1576 2761 δαπανῶνται
1592 2699 1689 2780 βραζύ-

126 2789 266 2867 suppletur
278 2789 318 2848 ad
332 2789 490 2870 φροντίζετε.
504 2792 593 2845 Dran
604 2823 637 2835 -
648 2804 680 2842 ιι
696 2786 836 2864 χαλιπσνῇ
846 2784 881 2843 Θ.
926 2809 993 2867 pava
1003 2814 1010 2826 ·
1021 2789 1056 2863 ἣν
1069 2792 1097 2849 ἐν
1109 2791 1143 2870 τῇ
1157 2802 1212 2849 etc.

161 2898 213 2936 220
222 2878 296 2937 inii.
309 2877 382 2936 nihil
397 2888 504 2955 ptaelet'
513 2876 585 2944 haec,
598 2870 809 2953 σχιτλιαστῑκύν.
824 2870 882 2929 ἄντλ
966 2898 1025 2955 229
1038 2880 1068 2938 in
1081 2882 1117 2938 R,
1132 2877 1310 2957 adscriptum
1325 2877 1370 2937 lati
1380 2883 1428 2936 τοῦ
1441 2879 1545 2937 hbent.
1559 2912 1591 2926 -
1608 2884 1641 2945 14
1652 2875 1693 2935 Τὸ

126 2970 166 3024 τοῦ
176 2968 293 3045 ἀτυχεῖς,
304 2964 418 3031 ἀθλίως
429 2968 463 3022 ln
473 2970 517 3037 V·,
532 2961 676 3041 πονῆρννς,
686 2960 791 3045 ἀθλίους
800 3002 810 3034 ‚
820 2961 884 3018 ἅτθ-
926 2968 1086 3045 ιίσενέγεσι,
1101 2990 1136 3041 17
1153 2966 1266 3037 ἄνοσον,
1284 2966 1366 3045 ἤγουν
1382 2970 1504 3025 σπεῦσον.
1518 2988 1692 3047 περιρραστι-

126 3063 189 3132 yria,
202 3052 367 3135 ἀπράκτως,
382 3055 418 3118 ὣς
436 3049 540 3133 pepla,
554 3048 676 3131 πονήρνκ
693 3052 759 3126 ἡμῖν
777 3044 883 3128 ἔχειτὰ
926 3059 996 3135 κῶς,
1012 3056 1136 3121 Ἀττικῶν
1146 3057 1182 3117 Θ.
1772 3066 1775 3073 ’

127 3137 883 3223 apdppasa.-nacrmrlaaslcabn.quopertineant,
968 3142 1335 3217 230‚18Kair*0fl..-ar
1351 3162 1393 3219 sq.
1406 3141 1506 3206 πάντας
1518 3142 1554 3207 εἷς
1567 3139 1689 3212 τλνθθδν
1805 3212 1806 3217 ¹

127 3252 218 3309 parum
228 3231 413 3309 exploratum
432 3227 536 3286 habeo.
554 3226 694 3285 Nonnihil
708 3225 747 3284 ab
765 3226 810 3284 his
822 3224 884 3283 dis-
927 3229 1027 3309 {lg-502,
1048 3236 1138 3291 Dorv.

126 3332 215 3397 crepat
226 3317 330 3379 suidas
339 3319 371 3377 in
384 3316 504 3399 Πύνηρσε
516 3322 523 3374 ὲ
536 3313 683 3374 dubitabit
690 3327 786 3372 autem
797 3332 884 3371 nemo
969 3321 1045 3392 233,
1058 3321 1152 3395 ε9-3ι
1170 3338 1259 3398 supra
1273 3317 1309 3375 ad
1323 3338 1349 3376 ν.
1372 3338 1430 3393 ει9
1446 3316 1594 3394 adscripta
1606 3314 1693 3374 habet

127 3411 187 3486 quin
198 3410 277 3467 vocis
288 3406 405 3489 πύνηρσς
419 3404 568 3465 discordes
577 3403 835 3483 interpretationes
846 3422 883 3461 ex
927 3412 961 3467 V.
976 3407 1046 3483 (non
1060 3408 1105 3485 G.)
1122 3407 1179 3465 hoc
1196 3406 1284 3465 modo
1304 3427 1311 3462 ι
1326 3404 1432 3472 δικαίως
1449 3402 1544 3470 ἀδίκως
1558 3402 1588 3463 τδ
1602 3404 1693 3471 ἅπλῶς

126 3500 239 3563 diversis.
258 3496 479 3557 enarratoribus
497 3496 526 3553 in
552 3514 641 3552 unum
665 3493 723 3552 sint
742 3490 881 3552 conflatae.
928 3494 1047 3578 ἔρριπται
1055 3486 1107 3553 οἷον
1121 3494 1195 3575 πάσῃ
1206 3492 1297 3575 τέχνῃ.
1306 3494 1336 3551 οὗ
1348 3491 1398 3573 γὰρ
1410 3494 1460 3573 οθχ
1472 3491 1609 3551 ὑπόκειται
1621 3494 1693 3573 αύτῷ

125 3589 272 3665 Exemplo,
286 3585 370 3665 quod
384 3585 520 3663 ponitur,
540 3582 679 3641 convenit
699 3579 771 3639 illud
787 3579 885 3639 Philo·
929 3583 1016 3651 ἄδικος
1029 3580 1111 3651 οὕτως
1124 3580 1305 3655 ἅπειλητικδν,
1315 3578 1385 3639 ἀλλὰ
1396 3582 1562 3657 μειλικτιιιῶς
1575 3600 1695 3658 προσαγ-

76 3686 80 3694 ’
126 3676 197 3733 strati
208 3680 276 3734 Her.
288 3694 321 3754 p.
334 3675 404 3745 664,
423 3674 470 3745 15,
484 3668 607 3750 πονήρως
619 3661 664 3729 σύν
679 3667 714 3727 τὰ
730 3665 782 3745 θμδ
801 3656 883 3745 εἶχεν·
928 3670 1221 3752 γέλλει-3οθπύσῃ
1235 3666 1345 3729 md...
1360 3672 1392 3727 31
1407 3667 1693 3747 προαγγέλλειλλ.πε-

127 3768 227 3822 Ηειιετ.
929 3758 1067 3842 ραγγίλλει
1080 3765 1189 3820 liemst.

161 3873 209 3909 aar
225 3871 283 3910 om.
295 3856 375 3910 G...
386 3852 424 3909 26
436 3848 547 3928 πόνηροι
558 3846 603 3905 καὶ
617 3844 681 3904 ΑΙιθ.
692 3862 771 3919 -ο9
783 3842 885 3920 θμετα-
958 3850 1026 3916 alt
1047 3847 1137 3907 habet
1154 3854 1189 3907 R.
1211 3844 1334 3929 ρορτσιδν
1353 3848 1485 3925 ἡγεῦμαι·
1500 3858 1529 3904 et
1558 3845 1625 3919 235,
1647 3849 1693 3903 τοῦ

125 3938 204 4007 dirue
217 3939 281 4019 πρδε
294 3936 403 4017 γενικὴν
415 3939 565 3996 Kusterus.
929 3936 1062 3995 εἰσελθεῖν.
1076 3935 1183 3994 τοποιδν
1197 3933 1229 3992 ἰδ
1244 3934 1378 4015 ἐπίρρημα
1386 3978 1395 4009 ,
1411 3932 1509 3993 αὐτόθι.
1524 3930 1607 4007 ὅπου,
1619 3931 1693 4013 pasl,

162 4048 225 4090 aaa.
240 4029 277 4085 38
288 4046 356 4104 sqq.
371 4024 492 4083 totidem
508 4024 569 4082 lere
580 4020 678 4079 verbis
696 4020 727 4078 in
747 4017 886 4079 Moscho·
929 4020 1049 4082 εἰσέλθω.
1076 4023 1193 4101 Duplex
1214 4023 1243 4081 in
1265 4022 1311 4081 his
1333 4022 1512 4102 proponitur
1539 4020 1695 4099 explicatio

126 4115 181 4191 puli
195 4114 269 4174 Ἐνιλ.
285 4112 325 4173 lt.
343 4111 386 4172 ’0.
402 4112 546 4191 leguntur.
562 4114 676 4169 Ηειιετ.
930 4110 1065 4169 vocabuli
1078 4112 1174 4187 αὐτοῦ,
1188 4110 1267 4189 quod
1280 4110 1328 4169 alii
1348 4128 1403 4188 pm
1423 4109 1596 4188 pronomine
1611 4126 1695 4165 acce-

162 4205 216 4260 223
231 4202 329 4260 simile
342 4200 475 4260 scholion
488 4199 519 4259 in
533 4204 568 4257 V.
583 4195 830 4280 προπαροξυτόνως,
844 4191 887 4253 ὅτι
932 4200 1288 4281 peruntinterpretatique
1298 4202 1419 4257 suntro'd
1432 4198 1565 4268 εἰσελθεῖν,
1580 4196 1628 4253 alii
1641 4214 1695 4272 pro

126 4288 238 4350 σύνθετόν
250 4292 308 4348 ἐστι
322 4288 354 4349 τὸ
367 4287 468 4367 ὄνομα,
487 4286 602 4367 γεωργός
618 4283 794 4365 ξυγγόωργοε,
808 4282 887 4365 σορύε
930 4286 1070 4347 adverbio
1098 4280 1188 4347 σύτόθι
1215 4288 1563 4367 significante.1)1an.-
1586 4285 1621 4359 37
1657 4282 1694 4360 μὴ

124 4380 264 4456 πάνσορσς,
277 4375 360 4443 καλός
371 4376 515 4453 πάγκαλος.
930 4396 988 4435 om.
1005 4382 1050 4450 V„
1065 4398 1123 4437 non
1140 4383 1176 4437 G.

163 4481 228 4543 aas,
242 4473 280 4540 46
294 4469 394 4547 aptius
408 4473 485 4526 τοῦτο
500 4466 537 4526 δι’.
549 4471 681 4524 Daren-
693 4464 729 4536 ⁴7
753 4460 823 4520 ἔστιν
836 4461 887 4543 γὰρ
971 4464 1040 4536 236,
1057 4474 1091 4533 [τι
1104 4466 1159 4523 Ταῦ
1171 4485 1227 4523 om.
1244 4468 1333 4523 Dorv.
1343 4496 1374 4511 -
1385 4472 1421 4533 ln
1434 4460 1561 4521 ἀπολαύω
1575 4463 1694 4540 Regius.

126 4558 253 4640 πετρώδης
266 4562 301 4617 Β.
315 4559 355 4617 Θ.
385 4561 388 4567 ’
930 4550 1059 4611 ἀπολάὸιο
1073 4553 1161 4610 Paris.
1633 4588 1638 4599 .

163 4650 228 4717 ²26,
239 4648 277 4705 52
289 4646 365 4703 male
377 4647 417 4704 ait
429 4643 460 4703 τὸ
474 4642 593 4722 μετέχειν
605 4661 682 4700 nurrc
692 4642 885 4699 accusativum
972 4645 1042 4717 237,
1057 4642 1094 4709 45
1103 4639 1136 4711 ἢν
1151 4638 1199 4719 μὲν
1213 4638 1265 4722 pap
1281 4642 1318 4707 εἰς
1330 4637 1457 4723 ρειδωλδν
1470 4662 1477 4696 :
1490 4637 1569 4698 Φειδ.
1582 4642 1618 4705 V.
1635 4661 1695 4721 ρει-

128 4756 221 4813 regere
229 4756 308 4794 nunc
318 4734 488 4812 genitivum.
501 4738 576 4792 Nam
588 4731 707 4811 proprie
716 4742 833 4808 semper
843 4750 888 4788 re·
930 4727 1013 4796 δωλύς
1024 4752 1064 4797 τις
1077 4729 1144 4788 ΑΙιΙ.
1156 4726 1281 4811 φειδωλός
1293 4749 1332 4795 τις
1344 4726 1381 4787 ὢν
1400 4732 1435 4785 R.
1450 4728 1485 4788 Θ.
1505 4740 1534 4784 et
1548 4726 1651 4787 Suidas
1670 4748 1693 4787 s.

128 4825 164 4898 git
178 4822 382 4882 aocmatirnm.
391 4806 516 4896 Quando
531 4832 628 4880 autem
647 4820 776 4898 genitivo
784 4817 885 4897 jungi·
930 4816 1066 4883 Φιιδιολός
1080 4840 1086 4875 :
1102 4818 1181 4895 quod
1194 4837 1211 4877 e
1223 4818 1359 4897 proximo
1371 4812 1496 4898 φειδωλός
1517 4836 1557 4880 τις
1575 4812 1613 4873 aba
1624 4835 1692 4873 cor-

129 4924 186 4981 nu,
204 4910 232 4969 id
247 4911 280 4968 tit
294 4930 348 4987 per
363 4909 477 4987 ellipsin
497 4908 653 4968 accissativi
667 4904 753 4987 μέρος.
772 4910 886 4983 Integra
931 4920 1059 4985 ruptum.
1071 4905 1102 4966 τὸ
1116 4896 1182 4965 εἶναι
1196 4908 1232 4967 Θ.
1246 4911 1291 4964 τοῦ
1305 4899 1404 4963 διδόναι
1417 4904 1506 4962 Paris.
1518 4940 1551 4953 ·-
1563 4905 1600 4972 46
1614 4908 1628 4962 ὁ
1643 4926 1692 4961 πε-

129 5001 234 5076 pluasis
246 5001 325 5058 enim
336 5011 390 5072 est,
402 4998 523 5079 μετέχειν
532 4998 585 5058 eol
597 4996 674 5077 μέρος
684 4996 752 5063 τινδς
761 4994 888 5076 πράγμσ-
930 4994 1041 5075 ρίψηρος
1053 4994 1184 5054 additum
1198 5014 1234 5052 ex
1248 4999 1282 5052 tt.
1295 4998 1331 5051 V.
1345 4998 1414 5064 (non
1425 4990 1474 5069 G.)
1485 5000 1515 5048 et
1529 4988 1627 5051 suida.
1640 4994 1691 5047 «ln

129 5108 182 5160 τος,
193 5100 225 5147 ut
236 5088 294 5148 hoc
308 5089 376 5145 loco
390 5087 469 5165 apud
482 5088 641 5147 Comicum.
655 5090 746 5144 Kusr.
930 5082 1047 5141 calculis
1062 5084 1184 5141 sollicite
1201 5080 1343 5159 ponendis
1357 5091 1523 5157 occupatus.
1539 5079 1610 5139 Vide
1624 5082 1692 5167 Sui·

168 5194 229 5249 περ,
243 5177 262 5235 3
277 5178 360 5237 Ποῖον
373 5173 476 5235 τοῦτσθ
490 5178 532 5246 V.,
546 5174 596 5253 qui
611 5170 717 5253 ἔρχεται
737 5186 801 5251 pust
815 5170 884 5251 ἔχων
930 5172 996 5230 alam
1003 5192 1025 5230 s.
1037 5169 1172 5249 Λογιστσύ.
1186 5164 1479 5232 »limanda-ml
1488 5166 1520 5226 τὸ
1530 5168 1618 5226 bairai
1632 5184 1697 5227 om:
