4100 6109
673 447 865 507 SCHOLIA
892 448 934 505 lx
964 450 1122 513 PACEM.
1647 478 1702 529 18⁰

104 585 159 644 λως.
176 578 312 659 μετόρχιον
327 581 382 638 ε’στι
397 576 536 657 τὸμεταξύ
551 580 602 637 τῶν
617 580 758 660 συμφύτων
775 577 873 649 πεδίον,
894 584 902 697 γ
960 582 1082 661 φιλτάθ’;
1097 585 1137 645 'Po
1149 584 1246 643 τέλειον
1259 588 1385 667 φιλτάτη,
1400 595 1521 672 σκληρῶς
1534 599 1579 653 τοῦ
1593 622 1610 669 η
1623 621 1702 657 mm·

106 658 159 748 ἐνῷ
171 666 188 738 δ,
202 666 298 737 σῖτοςῆ
313 667 378 726 ἄλλο
389 691 415 725 τι
426 666 565 747 ἔσπαρται.
578 666 678 735 παίζων
694 662 738 727 οῦν
751 660 822 729 εἶπεν
837 668 877 727 ὅτι
920 669 1073 748 λειφθέντος.
1087 683 1116 731 n.
1130 684 1161 731 V.

106 754 209 827 ἠδύνατό
218 778 256 822 τις
265 753 403 834 διασχίσας
413 752 505 821 αὖτοθς
515 758 623 825 ποιῆσαι
631 752 777 837 μετόρχιον,
787 754 876 825 ἐπειδή
960 776 1009 817 σου.
1030 756 1071 816 ότι
1083 758 1136 818 σἰπδ
1145 760 1259 832 πλήθους
1271 766 1305 830 εἰς
1317 764 1400 823 ἑνικὸν
1412 757 1499 839 ήλθεν.
1513 780 1543 825 V.

106 843 190 901 πολλοὶ
202 842 253 901 εἰσὶ
268 840 378 919 μεταξὺ,
390 841 433 900 ἵνα
450 841 524 900 αὐτοὶ
539 840 596 901 άντί
614 846 666 901 τῶν
681 848 769 925 φυτῶν
781 846 878 924 γίνων-
961 864 1008 904 σαι.
1031 845 1183 923 δαιμονίοις,
1198 852 1324 931 σφοδρῶς.
1339 863 1401 911 ΒΝ.

85 956 152 993 αται.
209 928 398 995 Ἀλλωςτινὲς
411 928 442 988 τὸ
457 928 587 1009 ἐρχιοντδ
599 930 696 1007 μεταξὺ
714 936 766 990 τῶν
780 936 875 1013 φυτῶν.
960 952 1009 993 σσσ.
1033 934 1187 1013 (ἀνερπύσαι
1200 958 1208 997 :
1221 937 1363 1000 Ἄπελθεῒν.
1386 940 1455 1009 ἰδίως
1470 942 1498 1001 δέ
1516 943 1604 1024 έρπειν
1624 947 1655 1005 τὸ
1670 952 1702 1018 τῆ
1717 970 1740 1009 ε,

105 1018 203 1085 Ἄλλως.
219 1016 358 1099 μετόρχιον
370 1016 400 1075 τδ
416 1016 514 1095 μεταξὺ
532 1020 583 1075 τῶν
595 1017 708 1098 χωρίων,
725 1016 789 1101 ὅπερ
803 1018 877 1097 λέγε·
920 1019 1014 1101 γαστρί
1027 1022 1167 1099 εἰλεῖσθαι,
1182 1021 1240 1081 όθεν
1252 1024 1298 1082 καί
1310 1027 1439 1105 ἑρπετόν.)
1691 1016 1695 1024 ’

104 1132 143 1165 ται
155 1106 237 1187 ὄρχος.
252 1108 340 1172 καλῶς
354 1105 385 1164 ἄν
403 1130 455 1179 τις,
470 1103 548 1186 φησί,
567 1104 741 1185 μεταστήσειε
758 1106 792 1165 τδ
808 1105 877 1187 φυτδι
960 1128 1009 1167 σοι.
1030 1100 1099 1179 ήσθα
1110 1107 1162 1188 γδρ
1180 1108 1210 1168 τὸ
1223 1109 1346 1188 μέγιστον
1364 1133 1372 1173 :
1392 1114 1499 1187 Ἐπείή
1518 1116 1607 1197 εἰρήνη
1620 1120 1704 1179 πλείω

105 1196 150 1253 αἰπύ
160 1198 209 1251 τῶν
221 1196 339 1275 ἀρουρῶν
348 1196 399 1252 τῶν
413 1193 599 1274 σπειρομένων.
920 1193 1025 1253 πάντων
1036 1205 1089 1261 τοῖς
1099 1198 1222 1277 γεωργοῖς
1231 1199 1374 1281 συμφέρει..

138 1298 182 1342 wo.
204 1280 247 1339 διδ
261 1280 360 1361 χρόνον
378 1280 467 1359 γήδιον
489 1276 734 1361 ε’Υποκοριστικῶς
754 1280 811 1361 ἀντὶ
831 1286 876 1339 τοῦ
959 1301 1006 1341 σου.
1028 1282 1168 1341 κάδάπανα
1187 1284 1232 1342 καί
1246 1284 1309 1366 φίλα
1326 1307 1333 1345 :
1351 1286 1402 1347 Ἐκ
1414 1291 1466 1347 τῶν
1484 1292 1571 1372 δγρῶν
1589 1290 1640 1373 γὰρ
1657 1286 1703 1351 οῦ-

75 1386 93 1423 ιυ
105 1370 145 1441 τήν
158 1374 213 1447 γῆν.
236 1374 368 1447 τριαινοῦν
387 1367 413 1427 δέ
428 1364 514 1449 ἠρέμα
535 1366 661 1427 σκάπτειν
680 1368 726 1427 καί
746 1366 877 1447 ἐπισύρειν
919 1392 959 1427 τοι
977 1369 1064 1428 πάντα
1080 1360 1151 1450 εἰχον
1165 1371 1312 1449 αὐτόματα.
1326 1376 1352 1433 ἐν
1368 1373 1395 1433 δλ
1411 1379 1449 1456 τῷ
1466 1377 1576 1460 πολέμῳ
1591 1381 1702 1441 ὠνοῦντο
1718 1407 1744 1447 1⁰

104 1458 143 1524 τίς
157 1456 253 1535 βώλοις
264 1456 332 1537 ὑπὲρ
342 1460 388 1515 τοῦ
400 1454 593 1537 κατακρύπτειν
603 1452 637 1513 τδι
647 1454 796 1539 σπέρματα.
919 1456 965 1515 καί
979 1455 1124 1515 ἐδαπάνων.
1135 1458 1217 1535 ήτινίς
1235 1459 1263 1517 δέ
1281 1460 1410 1542 γράφουσι
1428 1462 1496 1540 μετὰ
1513 1471 1559 1524 τοῦ
1578 1489 1601 1538 ι,
1617 1466 1661 1525 ἵνα
1674 1469 1704 1527 τδ

138 1566 185 1605 στι.
207 1546 279 1623 (ἀλλ’
297 1542 505 1622 ἀναμνησθέντες
521 1565 529 1604 t
545 1545 632 1615 Διπλῆ
649 1543 694 1601 καί
708 1542 786 1621 μέλος
799 1545 875 1619 αἰμοι-
919 1543 1057 1621 νοούμενον
1074 1535 1107 1623 ᾖ,
1125 1544 1228 1625 δαπάνῃ
1247 1570 1276 1603 τε
1297 1553 1445 1629 τρυφῶμεν.
1466 1553 1567 1631 βελτιον
1584 1551 1612 1611 δέ
1625 1557 1705 1635 χειρίς

105 1632 178 1693 ύαῖον.
191 1632 220 1689 τὸ
232 1630 291 1709 μέν,
302 1638 349 1691 τοῦ
364 1635 519 1711 ὑποκριτοῦ,
538 1630 679 1711 δεκακώλῳ
693 1635 834 1712 τροχαῖκῷ.
846 1620 876 1691 σθ
918 1635 964 1688 τοῦ
984 1631 1203 1708 ιδιναγινιίσκειν,
1221 1631 1254 1690 ἵν’
1271 1625 1288 1712 ᾖ
1305 1633 1388 1713 λέγων
1407 1636 1488 1714 μηδὲν
1509 1639 1704 1713 ἀναλίσκοντες,

106 1724 128 1777 ἐν
138 1720 243 1779 εἷσθέσει
257 1718 333 1777 ἐννέα
349 1717 537 1793 ἀκατάληκτα,
556 1717 666 1799 δίμετρα
680 1717 713 1777 τδι
731 1716 813 1791 ὀκτώ,
828 1742 877 1795 μο-
920 1715 962 1775 διδ
976 1716 1006 1777 τὸ
1020 1718 1090 1797 ἔχειν
1107 1717 1194 1778 πάντα
1209 1721 1239 1777 ἐκ
1252 1724 1303 1779 τῶν
1323 1724 1420 1804 ἀγρῶν,
1437 1722 1454 1794 ἢ
1470 1725 1511 1786 ότι
1528 1730 1555 1785 ἐν
1567 1732 1601 1807 τῇ
1614 1731 1704 1810 εἰρήνῃ

76 1808 217 1888 ιινίμετρσν
235 1805 263 1865 δέ
284 1805 317 1865 τδ
336 1806 538 1887 παρατέλευτον.
560 1805 605 1865 καὶ
623 1809 648 1864 ἐν
670 1804 770 1865 ἐκθέσει
791 1804 876 1884 στίχοι
918 1802 1004 1863 πολλὰ
1016 1805 1086 1863 πάνυ
1099 1805 1145 1864 καλ
1158 1810 1236 1884 τιμῆς
1250 1806 1390 1887 ἐλαχίστης
1405 1810 1572 1893 εὑρίσκεται.)
1721 1848 1744 1886 ,ς

105 1892 229 1973 τραχαῑκοί
244 1892 636 1975 τετράμετροικαταληκτικοί.)
652 1888 775 1972 [Ἄλλως.
796 1894 813 1961 ἡ
831 1888 874 1949 ἐκ·
959 1914 1008 1953 σνσ.
1029 1891 1110 1975 χίδρα
1142 1913 1149 1954 :
1178 1892 1275 1975 Χίδρον
1307 1894 1336 1953 τὸ
1364 1896 1418 1956 ἐπὸ
1447 1898 1543 1979 ἐλύμου
1570 1901 1704 1980 γινόμενον

106 1987 164 2046 θεσις
177 1978 242 2051 αῦτη
257 1984 306 2051 τῆς
319 1980 413 2053 διπλῆς
424 1980 516 2039 κώλων
530 1978 600 2039 ἐστίν
617 1977 712 2057 ὁμοίων
728 1980 875 2059 τροχαῖκῶν
919 1976 1038 2059 ὄσπριον,
1061 1979 1160 2058 ἔδεσμα
1180 1978 1241 2061 περὶ
1263 1980 1376 2063 Καρίαν,
1393 1984 1451 2057 ἤτοι
1469 1986 1499 2045 τδ
1520 1987 1574 2047 άπδ
1592 1992 1704 2071 χλωρῶν

107 2069 145 2127 ια’.
156 2058 188 2126 ῶν
201 2067 231 2125 τδ
242 2068 268 2139 η’
283 2066 452 2149 μονόμετρον,
466 2066 500 2125 τδ
516 2065 543 2125 δέ
553 2064 634 2125 λοιπδ
648 2064 757 2145 δίμετρα
772 2062 875 2123 οἰκατά-
919 2068 1023 2145 κριθῶν,
1043 2070 1067 2125 οἱ
1083 2066 1111 2127 δέ
1130 2056 1196 2135 εἰδος
1216 2066 1336 2147 βοτάνης.
1358 2072 1388 2129 ἐκ
1409 2072 1436 2131 δέ
1450 2072 1542 2135 τούτου
1564 2078 1640 2147 δηλοῖ
1655 2076 1704 2149 τῆν

105 2152 587 2235 λκατατδτελευταῖονέφθημιμερές.
601 2153 642 2235 ὑφ’
656 2153 708 2213 δαῑ
723 2152 875 2235 ἀμφοτέρω-
920 2152 1066 2233 ιύετηρίαν.
1130 2151 1247 2231 (Ἄλλως.
1268 2155 1372 2236 ἐρεικτδι
1393 2160 1423 2217 ἐκ
1441 2166 1531 2241 κριθῆς
1550 2160 1610 2229 νέας
1630 2163 1704 2242 γινό-

76 2248 142 2302 εοθεν
150 2242 195 2312 ἔξω
205 2240 326 2323 διπλαῖ]
920 2244 1006 2317 μενα.)
1019 2276 1060 2285 -
1099 2239 1207 2308 Ἄλλως.
1229 2248 1274 2300 νῦν
1295 2243 1386 2311 ἁπλῶς
1407 2247 1544 2327 εθκαρπία.
1565 2247 1633 2308 ούτω
1655 2251 1701 2309 καί
1717 2286 1744 2325 2⁰

140 2350 183 2391 ιιι.
200 2328 343 2389 παλασίων
361 2351 369 2391 :
384 2332 445 2390 Τῶν
463 2326 655 2407 πεπατημένων
671 2330 795 2408 ἰσχάδων.
811 2326 876 2394 τινές
919 2328 1029 2385 καλοῦσι
1045 2326 1075 2386 τδ
1097 2329 1127 2386 ἐκ
1146 2332 1235 2409 πυρῶν
1250 2329 1436 2408 σἰληλεσμένων
1452 2338 1547 2414 βρῶμα
1564 2336 1609 2394 καί
1626 2336 1660 2395 τό
1675 2340 1704 2397 ἐκ

108 2416 130 2477 δὲ
137 2420 184 2475 τῶν
192 2416 333 2476 παλάθιον·
345 2417 452 2489 παλάθη
462 2415 490 2476 δέ
499 2408 565 2483 ι’ίδος
577 2414 695 2495 βοτάνης.
919 2418 1019 2493 νεαρῶν
1031 2418 1126 2495 κριθῶν
1139 2414 1249 2498 ἄλευρα.
1261 2427 1291 2472 V.

140 2526 182 2564 ενε.
203 2504 261 2563 ἐντὶ
274 2510 325 2565 τοῦ
337 2504 395 2563 νέου
406 2504 485 2565 οίνου.
496 2510 524 2557 R.
960 2520 1011 2561 σου.
1033 2500 1107 2579 τέμδι
1127 2501 1159 2574 δή
1180 2500 1276 2571 ξυνίετε
1292 2523 1299 2563 :
1315 2504 1387 2585 Πρδς
1405 2510 1490 2563 ταῦτα
1510 2509 1555 2567 καί
1577 2512 1705 2591 Κρατῖνος

140 2614 184 2652 επ.
202 2596 248 2663 τῆς
266 2596 359 2658 ἰωνιᾶς
375 2611 383 2651 :
401 2591 488 2651 Ἰωνιδ
501 2590 605 2668 λέγεται
619 2594 636 2661 ἡ
650 2588 740 2669 φυτεία
754 2591 805 2647 τῶν
819 2587 875 2663 ἴων,
919 2589 946 2645 ἐν
962 2588 1063 2668 Πυτίνη
1081 2588 1223 2661 πεποίηκεν
1239 2590 1261 2667 (α
1281 2580 1303 2649 ώ
1322 2593 1474 2672 λιπερνῆτες
1491 2596 1612 2667 πολῖται,
1628 2596 1702 2675 τοίμέι

78 2700 98 2735 ει
108 2685 137 2747 ίις
147 2680 189 2739 καί
205 2685 288 2751 ἡτῶν
310 2680 390 2761 ῥόδων
409 2678 531 2760 ροδωνιδ,
550 2677 615 2737 ὅπου
635 2676 668 2736 τό
689 2676 750 2757 ῥόδα
773 2676 873 2757 φύεται.
918 2672 950 2745 δή
968 2674 1073 2743 ξυνίετε.
1086 2704 1098 2729 ι
1113 2674 1169 2734 ἔστι
1183 2674 1210 2735 δί
1221 2676 1284 2758 πρδς
1304 2676 1338 2735 τδ
1354 2677 1507 2758 Ἀρχιλόχου
1521 2708 1534 2733 ι
1548 2672 1703 2765 ὦλιπςργῆ.
1716 2718 1744 2756 2⁵

108 2768 203 2835 Ἄλλως.
222 2770 299 2835 ἄνθος
319 2766 374 2825 ἐστὶ
391 2766 422 2825 τὸ
440 2766 489 2841 ἰον,
509 2764 630 2847 διάφορον
648 2762 750 2845 μορφήν
769 2763 874 2843 ἔχον-δ
917 2785 959 2829 τες
972 2764 1091 2835 πολῖται,
1109 2762 1182 2840 τάμδ
1200 2762 1232 2835 δή
1252 2763 1348 2832 ξυνίετε
1367 2764 1483 2845 ῥήματα.
1501 2772 1541 2828 »θ
1558 2768 1661 2850 Ἐρμῆς
1676 2773 1704 2831 δέ

109 2856 148 2931 μὲν
157 2854 203 2936 γδρ
214 2858 301 2915 αθτῶν
315 2858 371 2914 ἐστι
382 2864 516 2935 πορφυρᾶ,
529 2852 582 2913 δδέ
591 2850 687 2923 λευκδ,
697 2851 714 2909 θ
726 2850 752 2910 δὲ
763 2850 873 2928 μέλανα.
919 2852 990 2907 ἐστιν
1004 2856 1018 2909 ὁ
1031 2848 1114 2929 λέγων
1128 2850 1193 2930 πρδς
1208 2850 1238 2911 αδ
1249 2850 1377 2933 ἐρωτηθὲν
1389 2851 1439 2911 θπδ
1456 2860 1503 2914 τοῦ
1515 2863 1609 2937 χοροῦ,
1625 2859 1657 2917 δι’
1669 2858 1703 2928 ἣν

108 2945 145 3001 καί
156 2945 181 2999 ἐν
193 2942 276 3023 τούτῳ
289 2944 344 3000 τῶν
358 2938 404 2999 ’ίων
416 2940 446 2999 τὸ
461 2937 610 3017 θαυμαστόν
624 2942 704 3009 ἐστιν,
718 2936 758 2996 ότι
771 2942 805 3017 τῇ
816 2962 875 2997 ποι-
919 2936 1004 2995 αἰτίαν
1019 2942 1140 2996 τοσοῦτον
1154 2936 1256 3011 ἀπέστη
1269 2941 1355 2997 αὐτῶν
1369 2944 1386 3011 ἡ
1399 2939 1455 3007 θεὸς
1465 2940 1568 3020 χρόνον.
1581 2944 1626 3002 καί
1641 2941 1704 3026 φησί

109 3031 169 3111 ιιιλίφ
180 3035 223 3102 τῆς
231 3028 318 3111 θίνεως
328 3027 394 3087 αὖπδ
404 3028 462 3088 καθ’
474 3025 554 3087 ἑαυτό
564 3026 671 3086 δύναται
681 3027 797 3103 λειμῶνα
806 3026 875 3098 πλη·
918 3028 1021 3106 πρῶτον
1033 3026 1114 3085 αἰτιον
1126 3024 1258 3105 γεγονέναι
1269 3025 1401 3104 Φειδίαν.)

79 3138 98 3173 σιΙ
110 3120 168 3194 ροῦν.
957 3132 1005 3173 σοσ.
1028 3112 1139 3179 Φειδίας
1161 3134 1169 3173 :
1191 3113 1340 3195 Φιλόχορος
1356 3113 1399 3172 ἐπὶ
1420 3115 1559 3199 Θεοδώρου
1579 3118 1702 3200 ἄρχοντος
1716 3154 1743 3194 20

141 3225 182 3264 ιτα
201 3206 250 3262 τῶν
262 3201 287 3262 τ’
307 3204 392 3261 ἐλαῶν
409 3222 418 3263 ·.
436 3199 641 3282 Παρατηρητέον
658 3198 698 3259 ότι
717 3202 769 3277 τῶν
788 3196 875 3257 σίλλων
918 3198 1001 3257 ταῦτά
1020 3222 1092 3279 φησι.
1111 3198 1157 3258 καί
1176 3199 1206 3259 τὀ
1227 3198 1335 3279 ἄγαλμα
1353 3199 1384 3259 τδ
1401 3208 1515 3283 χρυσοῦν
1532 3206 1578 3274 τῆς
1597 3205 1703 3279 Ἄθηνδς

109 3296 202 3371 καρπῶν
212 3290 256 3349 καλ
269 3294 360 3373 φυτῶν
373 3288 461 3355 ἁπλῶς
470 3286 664 3365 μνημονεύσας,
675 3286 717 3346 ἐπὶ
727 3290 777 3345 τῶν
790 3290 874 3345 ἐλαῶν
918 3286 1014 3358 ἐστάθη
1029 3289 1065 3354 εἰς
1081 3286 1125 3345 τὸν
1141 3284 1205 3345 νεὼν
1219 3286 1262 3345 τὀν
1277 3286 1371 3365 μέγαν,
1388 3286 1449 3367 ἐχον
1461 3288 1571 3370 χρυσίου
1587 3292 1702 3371 σταθμὸν

109 3378 211 3458 ἐπήγαγε
227 3379 258 3439 τδ
278 3370 317 3439 ῶν
337 3383 476 3455 ποθοῦμεν.
494 3376 539 3435 καί
552 3374 645 3447 ίσωςῆ
660 3374 716 3433 ἐπεί
734 3376 814 3455 δῶρον
828 3378 875 3445 τῆς
917 3372 1054 3432 ταλάντων
1072 3374 1127 3450 μδ,
1145 3372 1304 3455 Περικλέους
1321 3376 1532 3449 ἐπιστατοῦντος,
1552 3378 1661 3438 Φειδίου
1675 3378 1703 3439 δὲ

110 3459 214 3529 Ἀθηνές,
227 3458 245 3530 ἢ
259 3456 301 3516 ὅτι
320 3456 429 3538 εὗγῦρθς
445 3458 513 3514 ἕστῑν
532 3462 549 3527 ὴ
566 3452 668 3525 Ἀττικὴ
687 3453 875 3533 ἓξαῑρὲτως·ῑῖς
918 3461 1083 3532 ποιήσαντος.
1101 3460 1146 3521 καί
1164 3460 1275 3528 Φειδίας
1289 3462 1303 3519 δ
1316 3461 1443 3539 ποιήσας,
1462 3462 1537 3531 δοξας
1554 3467 1702 3545 παραλογί-

80 3577 99 3615 ³5
110 3550 198 3616 τονπῆς
206 3543 295 3613 ἐλαίας
306 3542 420 3624 καρπόν.
919 3552 1005 3619 ξασθαι
1022 3547 1066 3607 τδν
1082 3547 1209 3630 ἐλέφαντα
1228 3547 1272 3607 τδν
1288 3550 1323 3615 εἰς
1340 3548 1387 3616 τάς
1401 3549 1522 3630 φολίδας,
1540 3550 1638 3631 ἐκρίθη.
1656 3554 1701 3613 καί
1715 3586 1741 3626 ³⁶

142 3654 184 3693 ενα.
204 3642 295 3713 χαῖρε,
304 3632 379 3713 χαῖρ’
389 3621 411 3689 ώ
422 3630 550 3712 φίλτατος
566 3628 698 3742 χΚομινἌ
710 3628 755 3687 καί
768 3628 875 3696 daem<
919 3634 1005 3717 φυγών
1022 3639 1058 3702 εἰς
1071 3626 1150 3696 ’Πλιν
1165 3635 1343 3717 ἐργολαῦῆσαι
1355 3635 1385 3695 τδ
1400 3636 1509 3716 ἄγαλμα
1523 3644 1568 3698 τοῦ
1582 3639 1643 3708 Διδς
1655 3648 1700 3700 τοῦ

109 3726 178 3799 WB
190 3718 382 3801 μῠνωῖρθγῑκθ
397 3718 488 3776 Μίλων
503 3717 555 3777 Μ’·
570 3740 605 3775 ων
619 3715 653 3773 τὰ
666 3716 702 3788 oe',
719 3716 752 3793 U,
771 3717 800 3775 ιε’
815 3740 870 3797 τρο·
918 3726 944 3783 ἐν
959 3722 1097 3805 Ὀλυμπία
1111 3722 1228 3803 λέγεται,
1238 3728 1322 3783 ποῦτο
1339 3722 1367 3781 δί
1380 3722 1584 3803 ἐξεργασάμενος
1598 3730 1702 3787 ἀποθα-

109 3806 179 3884 χαῑαλ
190 3810 366 3888 ἑφθημιμερῆ.
377 3804 411 3864 τέι
425 3806 459 3885 β’,
471 3806 507 3877 ς’,
520 3806 551 3863 ιδ’
569 3802 678 3882 δίμετρα
693 3802 873 3876 ἀκατάληκτα.
918 3819 968 3870 νεῖν
988 3810 1038 3868 ὑπὸ
1053 3808 1164 3870 ’Πλείων
1185 3809 1229 3868 ἰπί
1250 3809 1421 3891 Πυθοδώρου,
1441 3812 1469 3878 δς
1482 3813 1551 3871 ἐστιν
1573 3812 1626 3871 ἐπδ
1638 3815 1701 3873 τού-

110 3895 137 3951 τί
144 3897 175 3973 γ’,
183 3897 207 3965 η’
216 3896 312 3973 ὅμοια,
326 3893 432 3955 Ἰωνικὰ
446 3896 534 3971 μέντοι
546 3892 599 3951 άπὸ
614 3890 738 3969 μείζονος.
750 3890 783 3951 τέ
796 3892 829 3963 δ’,
842 3893 874 3965 θ’,
917 3922 962 3957 που
975 3896 1097 3974 ἕῦδομος,
1107 3896 1168 3977 περί
1179 3894 1324 3975 Μεγαρέων
1341 3895 1432 3975 εἰπών,
1446 3896 1487 3956 ότι
1500 3899 1546 3957 καί
1562 3901 1636 3959 αθτοί
1652 3926 1700 3961 κα-

80 4012 100 4047 ι.
111 3984 138 4053 ιη’
151 3981 288 4041 δακτυλικδ
298 3984 490 4060 πενθημιμεμῆ.
502 3978 535 4038 τδ
544 3980 576 4051 ε’,
589 3979 634 4052 ια’,
649 3978 694 4051 15',
706 3979 752 4055 ις’,
766 3979 797 4047 ιζ’
812 4002 874 4037 Mt·
917 3983 1014 4043 τεῦόων
1026 3983 1168 4055 Ἀθηναίων
1178 3981 1252 4063 παρδ
1263 3983 1494 4061 Λακεδαιμονίοις,
1506 3982 1601 4053 ἀδίκως
1612 3986 1700 4067 λέγον·
1713 4020 1741 4059 ⁴⁰

110 4068 179 4127 ονικδι
199 4070 308 4151 δίμετρα
333 4068 515 4140 ἀκατάληκτα,
536 4066 567 4126 τδ
589 4067 604 4125 ι’
627 4065 726 4143 ὅμοιον,
751 4066 873 4143 ἰαμὸικδν
917 4094 958 4139 τες
972 4068 1103 4151 εἴργεσθαι
1116 4072 1212 4151 ἀγορᾶς
1226 4070 1272 4129 καὶ
1283 4068 1395 4146 λιμένων
1407 4073 1459 4128 τῶν
1471 4070 1534 4150 παρ’
1549 4072 1699 4147 Ἀθηναίοις.

111 4166 193 4231 μέντοι.
203 4157 232 4217 τό
245 4158 277 4237 ιγ’
287 4155 430 4216 παιωνικδν
441 4152 623 4237 ἐφθημιμερές.
635 4154 665 4213 αδ
678 4152 709 4211 ιθ’
721 4156 873 4212 δνοπαιστι-
917 4162 940 4217 οἰ
950 4157 1001 4239 γδιμ
1010 4158 1139 4230 Ἀθηναῖοι
1147 4163 1230 4215 ταῦτα
1237 4156 1398 4238 ἐψηφίσαντο
1407 4158 1565 4237 Περικλέους
1574 4162 1699 4235 εἰπόντος,

111 4244 147 4303 ιδν
159 4246 273 4327 δίμετρον
286 4244 482 4317 ἀκατάληκτον.
495 4248 509 4303 θ
522 4244 557 4315 κ’,
569 4242 623 4303 κα’.
637 4244 666 4301 ἐν
677 4240 776 4300 ἐκθέσει
788 4242 873 4322 στίχοι
916 4245 964 4317 τῆν
979 4250 1030 4325 γῆν
1051 4242 1142 4311 αύτοθς
1156 4242 1306 4322 αἰτιώμενοι
1319 4243 1366 4317 τήν
1383 4243 1455 4326 ίιρδν
1469 4250 1522 4314 τοῖς
1535 4252 1599 4315 θεοῖς
1619 4252 1700 4332 άπερ-

111 4331 153 4389 εἰσί
166 4332 296 4412 τραχαῖκοὶ
316 4331 488 4412 τετράμετροι
508 4328 697 4401 καταληκτικοί
717 4327 801 4407 ὅμοιοι
821 4338 875 4397 τοῖς
917 4332 1048 4411 γάζεσθαι.
1064 4331 1168 4410 λέγουσι
1184 4330 1213 4389 δέ
1228 4353 1293 4399 τινες
1306 4336 1342 4399 ῶς
1356 4332 1465 4392 Φειδίου
1483 4338 1528 4391 τοῦ
1543 4336 1697 4412 ἀγαλματο-

83 4442 101 4479 ι;
112 4420 170 4498 ἐντῆ
182 4420 288 4480 εἰσθίσει
301 4425 349 4490 τῆς
360 4421 453 4490 διπλῆς
465 4416 606 4495 οίμοιῦαίας
621 4415 675 4494 μή.
693 4415 737 4473 ἐπὶ
754 4419 791 4497 τῷ
805 4414 874 4475 τέλει
917 4426 992 4479 ποιοῦ
1007 4419 1125 4487 δόξαντος
1138 4418 1359 4499 παραλογίζεσθαι
1374 4418 1422 4491 τήν
1432 4420 1507 4479 πόλιν
1519 4419 1565 4479 καί
1576 4426 1700 4503 φυγαδευ-
1712 4462 1739 4502 u

111 4510 153 4564 τῶν
163 4507 207 4586 μῦν
219 4512 263 4567 τοῦ
273 4514 355 4588 χοροῦ
366 4506 487 4587 κορωνίς,
496 4509 542 4576 τῆς
551 4503 579 4564 δέ
592 4504 684 4576 διπλῆς
694 4508 711 4575 ή
724 4502 772 4572 ἐξω
782 4505 871 4575 διπλῆ.
916 4506 1015 4579 θέντος,
1037 4509 1052 4564 θ
1072 4507 1204 4585 Περικλῆς
1222 4504 1343 4586 φούηθείς
1364 4505 1408 4564 διδ
1426 4506 1456 4565 τδ
1472 4509 1646 4579 ἐπιστατῆσαι
1664 4518 1699 4594 τῇ

112 4596 146 4651 ἐπὶ
163 4596 246 4672 μέντοι
265 4604 325 4663 ταῖς
342 4594 495 4654 ἀποθέωσιν
513 4598 530 4665 ἡ
549 4590 660 4663 συνήθης
676 4591 872 4673 παράγραφος]
916 4596 1067 4671 κατασκευῇ
1079 4596 1123 4650 τοῦ
1138 4590 1289 4670 ἀγάλματος
1299 4592 1345 4651 καί
1356 4592 1544 4670 συνεγνωκέναι
1555 4600 1698 4681 τῆκλοπῇ,

112 4684 178 4755 διπλῆ
189 4684 382 4764 καίτοῦγοροῦ
390 4683 464 4741 κῶλα
475 4682 500 4761 γ’
510 4678 650 4762 τροχαῑκά.
663 4678 718 4738 ἐστι
732 4681 758 4738 δέ
773 4678 872 4738 τὀδλον
916 4680 1014 4762 ἔγραψε
1031 4680 1062 4739 τὀ
1077 4676 1146 4738 κατὰ
1162 4677 1307 4759 Μεγαρέων
1323 4678 1443 4739 πινάκιον
1461 4679 1507 4738 καλ
1522 4680 1566 4740 τδν
1584 4680 1698 4758 πόλεμον
1737 4754 1741 4761 Ι

111 4772 234 4849 τραχαῐκδν
253 4751 405 4851 ἰξάμετρον.
423 4768 490 4836 τινές
508 4768 651 4849 γράφουσιν
669 4766 805 4844 ἐδάμημεν
828 4768 873 4827 καί
916 4767 1068 4845 ἐπήνεγκεν,
1080 4764 1132 4844 (ίνα
1142 4765 1369 4845 ἀπησχολημένοις
1378 4765 1521 4839 Ἄθηναίοις
1529 4770 1566 4835 εἰς
1574 4766 1700 4829 τδνπύλι·

81 4878 101 4911 ω
112 4858 253 4935 φασιτδμέν
264 4860 288 4937 β’
296 4856 426 4938 τραχαῖκέι
436 4856 619 4927 ἄκατάληκτα,
627 4854 657 4914 τδ
667 4853 694 4913 δέ
701 4855 725 4932 γ’
731 4856 872 4935 τροχαῖκὸν
917 4878 965 4933 μον
980 4853 1017 4932 μή
1030 4857 1068 4935 δῷ
1081 4852 1128 4920 τδς
1139 4851 1257 4926 εθθύνας,
1269 4852 1412 4932 ἐγκαλέσας
1423 4858 1588 4935 Μεγαρεῦσιν
1600 4861 1635 4924 ὡς
1650 4856 1697 4930 τῆν
1711 4895 1739 4936 ω

112 4944 296 5016 καταληπτικόν.
315 4936 363 5003 εἶτ’
377 4946 410 5023 γἐν
429 4942 530 5003 ἐκθέσει
542 4942 683 5009 παιωνικθς
700 4940 873 5023 τετράμετρος
889 4960 893 4985 ¹
915 4942 987 5023 ἱερόν
997 4941 1096 5023 ὀργάδα
1106 4950 1164 4999 ταῖν
1175 4942 1246 5000 θεαῖν
1260 4940 1455 5021 ἐργασαμένοις.
1468 4940 1561 5021 ἄλογος
1572 4942 1600 5002 δέ
1609 4944 1698 5025 φαίνε-

112 5022 340 5102 ιατσληκτικδςκαί
351 5036 377 5092 ἐν
389 5030 488 5091 ἐκθέσει
497 5029 669 5111 τιτρσίμετρος
681 5030 880 5111 κσταιληκτικόςΚ
914 5054 959 5089 ται
972 5034 989 5101 ἡ
1004 5027 1074 5088 κατδ
1091 5027 1249 5107 Περικλέους
1264 5026 1385 5098 θπόνοια,
1404 5027 1473 5087 ἑπτὰ
1488 5027 1558 5088 ἔτεσι
1573 5030 1698 5111 πρότερον

113 5118 241 5197 τροχαῐκός,
254 5114 310 5179 εἶτα
324 5122 350 5179 ἰν
362 5120 460 5179 ἐκθέσει
471 5119 494 5177 δ’
510 5120 598 5189 κῶλα,
609 5108 645 5176 ῶν
657 5115 690 5175 τδ
703 5116 728 5193 γ’
741 5117 872 5176 παιωνικέι
915 5122 962 5189 τῆς
981 5122 1026 5175 τοῦ
1044 5115 1160 5193 πολέμου
1172 5118 1256 5196 ἀρχῆς
1267 5119 1320 5174 τῶν
1336 5114 1397 5199 περί
1414 5114 1526 5176 Φειδίαν
1537 5118 1691 5195 γενομένων.

113 5204 237 5283 δίρρνθμα,
251 5210 280 5267 τό
295 5206 322 5267 δέ
339 5204 531 5289 παρατέλευτον
550 5204 673 5283 ίαμύικθν
694 5202 831 5284 δίμετρον.’
916 5208 930 5262 θ
944 5203 1071 5272 Φειδίας,
1082 5207 1116 5270 ῶς
1128 5203 1275 5283 Φιλόχορος
1290 5203 1380 5283 φησίν,
1394 5202 1437 5263 ἐπὶ
1448 5203 1586 5285 Θεοδώρου
1601 5204 1697 5286 ἄρχον·
