4100 6109
854 413 976 473 PLUTl.
1041 434 1042 439 ’
1636 428 1692 477 (305

128 556 278 614 stomacho
294 556 419 634 erumpit
430 578 436 610 ε
447 556 593 628 Equidem,
605 565 637 608 ut
648 558 708 607 sine
718 554 779 607 dolo
787 552 888 616 ‹ta-am,
935 546 997 611 θίυις
1006 546 1108 626 λέγειν,
1123 550 1275 627 perspicue
1287 549 1424 627 scripturn
1437 562 1479 607 est
1499 568 1528 607 ru
1550 548 1614 609 end.
1627 555 1692 619 Lll.;

127 665 185 701 rem
199 649 296 701 nullm
310 642 453 701 habuerim
467 662 528 697 cum
539 661 594 711 ea,
614 660 699 715 qttaur
721 636 890 708 contubeffo-
935 633 1057 704 deinde,
1077 638 1099 694 si
1124 639 1188 714 quis
1210 638 1360 695 Comitum
1383 635 1466 695 adeat
1485 639 1513 695 in
1530 637 1651 697 debaro.
1665 657 1691 695 v.

128 746 202 787 ctam
219 746 306 807 atque
318 737 491 788 exinanitam
505 732 629 803 infinitus
641 748 777 784 annorum
791 745 890 782 nume·
941 725 1023 794 1148,
1043 726 1101 782 uuir
1119 726 1241 802 amplius
1253 724 1415 794 dubitabit,
1429 727 1497 802 (prin
1513 723 1549 785 ert
1568 728 1695 803 antiquis

127 823 283 875 nurnberc
295 818 408 893 subegit.
419 822 512 885 Quam
525 816 586 872 haec
600 815 684 889 longe
695 812 814 891 quaesita
824 813 891 880 sint,
935 808 971 865 ad
984 831 1049 869 eum
1060 812 1152 871 istrum
1167 812 1292 883 scholiis,
1308 832 1372 889 quae
1391 808 1619 893 interciderunt,
1634 818 1695 873 haec

127 907 223 964 cuivis
234 906 562 983 iaciiepatet.sHs1sr.
580 900 764 981 Ιίι.ε’πιτρε’ψιι
781 904 891 957 itemst.
935 899 994 955 sint
1014 899 1167 977 depromta
1183 924 1189 959 ι
1208 920 1285 959 nunc
1306 901 1377 959 nihil
1404 902 1481 960 aliud
1508 905 1695 976 adnotatum,

127 991 266 1075 ἐπιτράπει
277 999 312 1053 tt.
327 991 455 1073 ἐπιτρέπῃ
473 994 509 1051 Θ.
524 987 652 1069 ἐπιτρίψῃ
668 989 731 1047 ald.
745 1018 780 1029 ··
798 999 892 1063 tare·
935 1006 1038 1062 quam,
1052 987 1083 1046 sis
1106 988 1194 1061 δεῖνα,
1211 986 1330 1048 τουτέστι
1348 987 1379 1047 τὸ
1400 990 1496 1049 αἰδοῖον
1509 993 1568 1051 κατ’
1587 998 1696 1075 εύρημι-

40 1108 46 1117 ·
126 1080 262 1161 γηραιιυίογ
272 1079 342 1161 ἐξηρ.
353 1082 387 1141 Θ.
399 1118 432 1129 -
444 1080 481 1136 53
495 1077 645 1155 legebatur
657 1072 831 1153 διαλελυμένῃ
846 1096 892 1131 ru·
936 1072 1012 1150 ομόν.
1019 1078 1153 1153 Denique
1168 1077 1246 1154 quod
1261 1076 1442 1155 explicandae
1454 1081 1518 1137 voci
1528 1079 1696 1161 εὐθνρρήμων

128 1166 200 1246 ρίως,
212 1170 249 1233 ὡς
260 1166 304 1224 ἐπί
313 1190 358 1246 σχ.
369 1164 412 1223 Ιί).
422 1167 457 1231 ὡς
469 1164 635 1231 omli-54
648 1159 891 1239 ύπισπληνιομίνη,
936 1161 1053 1222 additur
1065 1164 1103 1222 ab
1117 1166 1201 1223 initio
1219 1164 1368 1243 εθθυλόγος,
1392 1186 1509 1243 priorsus
1524 1170 1625 1226 omisit
1639 1173 1695 1228 Lii.

127 1253 302 1335 ἐξηραμμίνη
320 1256 356 1313 Θ.
370 1254 423 1311 Cui
437 1272 497 1309 non
509 1250 605 1309 obstat
617 1248 786 1332 ἐξηραμμίνῃ
805 1269 892 1326 supra
938 1255 1027 1309 Porro
1036 1254 1094 1309 rim
1106 1254 1191 1329 paulo
1204 1254 1341 1313 laxiorem
1353 1255 1449 1331 posuit
1459 1256 1487 1312 in
1499 1256 1697 1337 εύθυρρημονεῖν

128 1343 254 1415 lectum:
274 1363 337 1399 nam
352 1353 420 1399 strnt
433 1340 495 1398 haec
507 1360 544 1398 ex
555 1339 612 1398 aiio
625 1338 736 1396 scholio
749 1351 892 1415 excerpta.
937 1343 1013 1397 Sext.
1028 1342 1138 1418 Empir.
1152 1362 1181 1420 p.
1195 1344 1260 1412 300,
1277 1341 1325 1400 ubi
1340 1340 1385 1405 τάς
1405 1342 1564 1425 μεταλήψεις
1585 1331 1696 1403 τῶνλί-

128 1434 222 1485 Dran.
232 1450 287 1484 -r
301 1425 516 1505 διεσπειιλωμίνη
529 1428 576 1499 Θ,
591 1447 627 1483 ex
641 1416 755 1504 ιγιιοούν
765 1428 891 1486 accessit.
937 1427 1000 1492 ξεοιν
1017 1428 1079 1485 fieri
1098 1441 1195 1487 mouet
1212 1428 1271 1500 ἤτοι
1284 1426 1350 1509 trip
1369 1434 1416 1487 τοῦ
1441 1428 1477 1505 μὴ
1499 1432 1697 1513 εὐθυρημονεῑν,

127 1514 417 1594 ααταδιεοποιλωμένη
430 1516 528 1574 ceteri.
546 1514 676 1593 άχρηστος
691 1517 726 1574 Θ.
737 1549 768 1560 -
785 1536 803 1569 a
815 1514 892 1591 iege-
936 1512 1089 1592 προσκοπλν
1105 1514 1225 1597 φέροντος
1235 1522 1281 1574 τοῦ
1295 1514 1381 1581 αύθίσς
1396 1517 1524 1595 ῥήματος,
1540 1516 1557 1589 ἢ
1575 1518 1639 1597 ύπὲρ
1652 1526 1697 1578 τοῦ

129 1604 219 1661 batur
229 1601 362 1683 γινομένῃ.
377 1600 506 1680 γινομένη
518 1602 554 1661 Θ.
563 1638 596 1651 -
609 1601 625 1657 3
639 1600 670 1659 τὸ
681 1602 811 1659 απεκλοῦν
823 1602 893 1659 inci·
937 1625 962 1659 τι
973 1604 1132 1684 σαφηνίζειν.
1142 1604 1309 1663 Notandum
1317 1616 1369 1675 est,
1378 1605 1456 1681 quod
1467 1607 1559 1664 rarius
1569 1604 1636 1663 obvi
1641 1629 1698 1679 um,

128 1692 262 1767 pitoliud
276 1692 417 1762 scholion,
432 1690 511 1768 quod
522 1691 667 1767 excerpsit
680 1689 813 1749 Suidass.
828 1692 893 1749 Διι-
937 1689 997 1749 εὐθύ
1009 1696 1097 1772 ῥῆμα,
1119 1693 1271 1771 proprium
1291 1691 1464 1751 vocabulum
1486 1706 1514 1752 et
1537 1696 1698 1769 sincerum,

129 1777 320 1860 σπλεαυμίνη.
333 1778 495 1857 legebatur
508 1776 539 1836 τὸ
551 1775 580 1836 ii
593 1778 733 1839 σπλεκοῦν.
747 1776 778 1836 τὸ
787 1775 893 1836 πλύνειν
938 1779 1073 1857 nullaque
1090 1782 1180 1857 ligura
1199 1780 1345 1851 indutum,
1361 1780 1458 1857 quod,
1480 1780 1588 1859 siquid
1603 1782 1697 1839 oli'en-

129 1867 249 1926 Suidas.
264 1900 303 1911 —
318 1876 335 1935 t
350 1871 426 1923 τοῦτο
439 1862 575 1942 σημαίνειν
590 1866 627 1925 Θ.
641 1864 895 1942 τούσημαινσμίνον
937 1867 1028 1925 sionis
1055 1870 1164 1947 pariat,
1188 1863 1324 1926 translato
1347 1868 1509 1926 verecunde
1539 1878 1699 1930 mutatur.-

127 1956 244 2028 Suidas,
253 1954 331 2032 quod
341 1966 385 2011 est
395 1949 488 2011 τούτου
500 1965 615 2029 οημ,υι
624 1953 729 2029 iegitur
738 1976 760 2011 s.
774 1954 894 2015 Πλιιιούν
938 1959 1046 2013 Ηιιιοτ.

127 2043 159 2099 in
181 2042 382 2101 additamento
403 2042 449 2100 ed.
466 2040 594 2113 Medici,
613 2061 672 2117 qno
690 2055 790 2099 carent
810 2041 894 2101 codd.
981 2046 1077 2116 rods,
1105 2065 1138 2102 rs
1159 2041 1313 2120 naisitano.
1331 2050 1362 2102 In
1384 2044 1419 2103 Θ.
1434 2056 1498 2121 post
1521 2044 1649 2101 scholion
1671 2066 1698 2105 v.

127 2132 221 2188 Paris.
235 2138 296 2187 Aet
318 2128 397 2207 Leid.
412 2133 501 2186 Dino.
516 2170 543 2179 -
565 2128 582 2184 5
596 2127 822 2205 ὁμοίωςδιιίύυο.
835 2166 864 2182 -·
876 2132 894 2187 6
942 2136 1016 2211 ¹⁰93
1028 2133 1203 2210 adscriptum
1219 2132 1281 2191 ίνιοι
1295 2130 1323 2190 δὲ
1337 2130 1414 2189 ποιάν
1424 2132 1492 2200 λίξιν
1503 2134 1608 2211 λέγουσι
1624 2138 1701 2191 τοῦτο

127 2217 172 2296 ἐρ’
181 2206 221 2273 ὧν
233 2236 291 2274 om.
302 2217 338 2275 Θ.
350 2213 483 2272 ἐνίσταται
495 2214 605 2273 Suidas.
614 2213 707 2275 ίστατο
716 2215 791 2273 libri.
801 2215 895 2277 a’Eri·
938 2218 1078 2298 γινομένην
1091 2223 1120 2279 ἐκ
1129 2225 1175 2291 τῆς
1184 2219 1266 2280 τύπου
1278 2243 1284 2257 ·
1298 2240 1361 2297 quae
1371 2220 1407 2277 ad
1419 2220 1496 2277 hunc
1512 2242 1537 2277 ν.
1553 2222 1700 2279 referenda

128 2327 230 2362 σταται
243 2303 295 2381 qni
308 2303 583 2375 Latincverterunt,
597 2306 709 2377 quando
724 2319 819 2379 operte
836 2309 894 2363 ate·-
939 2309 1090 2381 videntur,
1102 2309 1238 2367 correctis
1251 2308 1401 2385 postremis
1421 2307 1516 2365 verbis
1529 2309 1559 2366 tx
1576 2314 1622 2367 τοῦ
1634 2308 1701 2367 κτύ-

127 2395 201 2465 qur'd
213 2395 305 2466 eloqui
313 2394 408 2465 pudor
419 2404 515 2463 uetat,
528 2390 718 2463 sententiam,
733 2412 820 2467 quarn
834 2393 896 2470 ipsa
938 2419 998 2455 που.
1015 2402 1104 2455 Dntn.
1116 2397 1198 2455 adde
1214 2408 1272 2454 not.
1287 2396 1321 2453 ad
1335 2416 1359 2453 ν.
1380 2397 1462 2471 1093,
1477 2406 1503 2461 t.

129 2502 176 2539 res
187 2492 295 2557 sponte
304 2478 484 2557 subjiciebat,
495 2480 585 2556 magis
596 2494 664 2538 sunt
674 2481 801 2539 adsecuti
809 2500 896 2557 quam
985 2487 1079 2557 1083,
1105 2504 1142 2543 no
1156 2506 1198 2561 sq.
1221 2483 1277 2543 δίον
1301 2486 1382 2542 εἰπεῖν
1401 2484 1519 2561 ἀνδρῶν,
1542 2484 1607 2541 ἐτῶν
1631 2474 1701 2555 εἶπε,

129 2570 191 2627 rim
208 2568 364 2626 locutionis
374 2569 495 2625 Graecae:
511 2585 594 2639 nam,
605 2569 630 2625 si
644 2567 732 2625 modo
745 2587 846 2625 sanum
860 2568 898 2625 sit
941 2573 1071 2633 σκώπτων
1084 2572 1147 2632 ΑΙιί.
1163 2610 1194 2621 -
1207 2592 1244 2629 nn
1259 2573 1371 2630 πολιτῶν
1386 2573 1509 2649 pertinet
1526 2572 1562 2628 ad
1577 2572 1655 2643 ἐτῶν,
1677 2574 1700 2629 si

129 2656 202 2713 iliud
219 2655 373 2725 ἐνίσταται,
387 2675 444 2711 που
462 2654 548 2712 rideo
563 2652 613 2731 qui
625 2656 716 2732 possit
727 2654 811 2713 aliter
821 2656 896 2733 capi,
941 2660 1101 2719 ‹leducatur
1115 2660 1151 2717 ab
1167 2656 1243 2730 ίτης,
1259 2656 1329 2729 ίται,
1341 2678 1414 2735 quos
1427 2672 1539 2715 veteres
1552 2658 1630 2735 apud
1642 2660 1702 2715 iio-

127 2757 222 2820 atque
232 2749 399 2818 etprimitur,
414 2740 563 2810 cohibetur,
584 2762 639 2798 non
653 2746 814 2799 conceditur.
839 2743 897 2801 Εὖ·
939 2769 1053 2806 suerum
1067 2749 1142 2805 inter
1154 2748 1210 2805 alia
1221 2766 1337 2824 quoque
1346 2744 1453 2809 πολίτας
1466 2758 1614 2822 exponunt
1627 2767 1634 2802 t
1646 2750 1702 2803 lie-

128 2830 276 2912 ⁰v?p⁷ilfflt
291 2821 362 2888 Vtffl
375 2830 448 2887 ὅθίθῑ
462 2831 510 2887 ῙΙΙΘ
522 2831 638 2906 (Ιιῑίύιιιι
653 2830 793 2908 appellari
806 2832 898 2907 etqui
938 2838 1021 2912 sycis.
1032 2837 1060 2892 in
1072 2856 1100 2891 v.
1112 2847 1140 2891 et
1150 2831 1275 2906 Ξυνίται,
1289 2834 1459 2907 αυμπολῑται.
1470 2821 1510 2890 Ὦ
1523 2816 1702 2977 ἔὛγολῖτα·ι

129 2941 201 2978 vera
220 2920 549 2996 loquituranimnse,et
565 2921 615 2995 qui
630 2938 690 2977 rem
710 2921 800 2997 ipsam
818 2920 898 2978 nulio
938 2919 1578 3002 quaspauiodeteriusineoscriptaoiiendes.
1617 2940 1700 2979 nnsr.

128 3011 262 3066 fucatam
272 3008 369 3065 colore
378 3006 506 3064 breviter
520 3020 549 3065 et
561 3009 623 3064 sinc
632 3007 801 3085 ambagibus
809 3028 899 3066 enun-
986 3011 1072 3067 1085.
1089 3013 1151 3066 Hoc
1163 3008 1292 3065 scholion
1303 3008 1445 3085 excerpsit
1456 2995 1555 3065 suidas
1566 3028 1587 3064 s.
1603 3010 1640 3066 Συ
1646 3030 1703 3065 νεκ-

128 3098 208 3167 riat3
224 3096 320 3173 qualis
332 3094 615 3153 lacedemoniorum
631 3093 729 3176 ἀφελὴς
741 3096 787 3153 καὶ
807 3094 900 3153 ούντο-
942 3098 1015 3157 ποτά*
1027 3096 1092 3155 ἔστί·
1105 3120 1116 3147 ε
1128 3102 1201 3168 Qnae
1215 3108 1296 3153 vetus
1312 3107 1460 3153 enarrator
1469 3095 1505 3152 dc
1526 3095 1634 3172 duplici
1649 3115 1702 3152 usu

127 3205 179 3258 μος
192 3179 396 3263 εύθνρημοσύνη
416 3182 590 3241 contrariam
605 3182 710 3254 habet,
725 3183 803 3261 apud
817 3186 897 3242 Sext.
942 3191 989 3256 τῆς
1001 3184 1094 3265 τρυγὸς
1105 3172 1184 3240 notat
1193 3194 1221 3239 et
1234 3194 1357 3240 mustum
1372 3195 1401 3239 et
1415 3184 1498 3241 iaces
1508 3184 1702 3260 significantis,

131 3271 245 3348 Empir.
261 3270 372 3351 ’λντιρμ
386 3291 414 3342 τ,
429 3272 446 3346 §
460 3290 508 3342 aa,
522 3268 570 3340 τὴν
585 3270 717 3351 τερθρείαν
729 3269 776 3340 τὴν
789 3274 898 3352 ρητορι-
919 3292 923 3301 ·
942 3274 1072 3333 necteris
1091 3270 1189 3329 itidem
1209 3271 1401 3347 grammaticis
1420 3270 1626 3329 observantur:
1643 3272 1703 3329 He-

128 3359 198 3425 ιιήν·
214 3370 245 3415 et
258 3357 415 3435 Sophocles
429 3358 507 3415 nulia
521 3360 690 3415 circuitione
708 3379 776 3417 usus
787 3362 899 3439 εύθυρη-
943 3364 1020 3439 sych.
1035 3362 1067 3419 in
1088 3354 1181 3437 Τρύγα
1200 3370 1230 3415 et
1249 3356 1334 3436 Τρύξ,
1353 3360 1442 3416 schol.
1461 3359 1583 3417 Theocr.
1602 3380 1629 3431 7,
1652 3380 1703 3431 70,

127 3445 220 3521 μόνως
232 3444 343 3526 γράρει,
361 3457 430 3502 teste
440 3446 528 3505 Clem.
543 3447 625 3507 Alex.
635 3452 743 3507 Strom.
753 3451 782 3520 5,
794 3468 821 3524 p.
832 3449 899 3520 716,
943 3450 1023 3509 Suid.
1039 3449 1068 3505 in
1083 3449 1108 3506 T
1111 3445 1185 3528 ρνγὺι
1202 3445 1339 3522 γλυκείας,
1357 3446 1434 3522 quod
1453 3446 1490 3503 ab
1511 3446 1703 3523 Aristophane

128 3543 158 3605 ι,
170 3535 273 3603 matri,
285 3551 473 3609 quaecumque.
486 3534 641 3610 iiia,quam
651 3534 793 3611 designat,
805 3536 900 3605 buerit,
943 3550 1069 3596 sumtum
1088 3536 1117 3591 in
1131 3538 1194 3591 Pac.
1214 3552 1241 3590 v.
1263 3534 1319 3604 575
1335 3554 1342 3588 τ
1356 3532 1439 3614 τρύγα
1455 3532 1505 3612 γὰρ
1520 3532 1565 3589 καί
1586 3533 1630 3590 τὸν
1648 3531 1703 3591 νίον

128 3642 190 3677 non
205 3627 312 3678 Jovem
325 3621 454 3679 intulisse
465 3634 607 3700 stuprum,
619 3624 743 3700 atplane
754 3624 900 3683 hominem
943 3617 1011 3686 οἶνον
1035 3622 1144 3682 ίνάλουν
1165 3620 1210 3678 καί
1230 3619 1278 3690 τὴν
1301 3619 1480 3696 ὑποστάθμην.
1498 3624 1591 3679 Fasces
1610 3633 1703 3679 antem

128 3709 310 3767 adulterum.
319 3708 570 3789 ὃούεύθυρρήμονες
577 3722 716 3786 praeterea
724 3714 901 3772 restrictiorc
945 3715 1042 3773 Attico
1054 3729 1134 3769 more
1153 3707 1237 3789 τρύγα
1257 3709 1329 3781 diei,
1346 3709 1390 3765 vei
1411 3706 1596 3783 ὑποστάθμην,
1619 3728 1704 3785 quam

129 3808 290 3874 potestate,
304 3797 354 3873 qui
366 3816 428 3853 rem
440 3808 564 3873 turpem,
574 3817 697 3874 quaeque
709 3812 802 3857 castas
817 3820 901 3859 aures
944 3822 1006 3862 esse
1040 3802 1089 3878 qui
1125 3800 1217 3857 minus
1244 3809 1322 3854 recte
1347 3793 1401 3854 ἰλύν
1425 3797 1583 3874 appellent,
1607 3810 1705 3853 montet

127 3884 278 3958 oliendat,
288 3884 373 3940 nullis
384 3884 521 3942 orationis
531 3885 687 3943 involucris
696 3885 840 3962 obiiciant,
850 3908 899 3945 ve·
945 3890 1095 3965 Phrynich.
1109 3908 1138 3966 p.
1156 3906 1208 3961 ra,
1223 3884 1272 3961 qui
1295 3878 1388 3941 tamen
1404 3903 1507 3941 vereor
1527 3896 1558 3941 ut
1574 3884 1705 3941 admittat

128 3993 194 4030 rum
210 3970 443 4049 improbioribus
452 3966 550 4029 verbis
563 3991 722 4049 parumque
733 3977 904 4035 verecundis
944 3980 1081 4039 aihnma
1099 3976 1249 4051 Magistro,
1274 3992 1362 4048 quum
1383 3986 1558 4049 praeceptum
1574 3971 1635 4049 ejus
1651 3974 1703 4027 de-

128 4059 273 4136 prolerre
283 4077 341 4115 non
357 4059 521 4134 refugiunt,
532 4072 565 4115 ut
577 4060 676 4134 Cynici
686 4080 815 4139 semper,
826 4084 905 4141 saepe
945 4067 1092 4137 scriberet,
1106 4062 1233 4121 additam
1245 4058 1399 4118 ὑπόστασιν·
1412 4061 1475 4137 pari
1480 4061 1546 4137 jure
1554 4059 1705 4126 damnetur

127 4149 235 4207 Stoici.
253 4146 344 4209 Cleua
359 4150 436 4205 Alex.
456 4152 563 4205 Strom.
581 4168 618 4218 a,
632 4170 660 4225 p.
676 4150 750 4223 439,
761 4150 859 4210 frates
873 4154 901 4210 ἐν
945 4158 1055 4225 rarius,
1072 4164 1100 4209 et
1110 4150 1277 4209 adnotatum
1298 4148 1335 4205 ab
1350 4148 1492 4223 Hesychia
1515 4146 1704 4217 vocabulum,

128 4237 224 4302 ἄλλοις
247 4234 431 4316 εὐθυρημόνοις
453 4234 565 4316 γράφει,
590 4240 637 4305 τῆς
657 4239 694 4301 εἰς
711 4237 746 4294 τὰ
764 4240 902 4319 ἀφροδίσια
944 4238 1198 4323 Ὕποὸορύύριον,ὴ
1219 4234 1289 4315 τρύξ.
1305 4236 1485 4313 illoschopui.
1505 4234 1572 4315 Περὶ
1587 4236 1659 4313 οχεδ,
1678 4256 1703 4311 μ,

127 4321 324 4403 &ueneritne
348 4327 431 4403 ὁρμῆς
463 4325 643 4399 κατάπλαομα
676 4314 741 4383 εἶναι
761 4326 857 4403 λιμόν·
879 4332 902 4387 εἰ
927 4352 1001 4409 '9²³
1015 4333 1041 4390 Τ
1044 4326 1143 4409 ρθξ,τὸ
1154 4326 1251 4391 title<
1262 4330 1307 4382 τοῦ
1318 4322 1404 4394 οἴνου,
1421 4322 1478 4393 ἥτις
1490 4322 1534 4379 καί
1549 4322 1703 4399 ὑποστάθμη

127 4411 231 4489 δὲμὴ,
247 4411 355 4493 βρόχον.
368 4418 410 4471 Ea
421 4424 465 4470 est
480 4434 578 4484 niusa,
594 4415 781 4490 quamobrem
796 4438 819 4476 ‘a
833 4420 901 4477 Pol·
944 4420 1063 4498 λέγεται,
1074 4415 1119 4475 καί
1132 4414 1245 4497 τρνγίας.
1259 4438 1271 4464 r
1287 4418 1396 4471 Hausr.

128 4504 195 4559 luce
204 4502 370 4579 jungantur
378 4500 624 4581 αίοχρορρημοσύνη
634 4502 678 4559 καὶ
690 4505 901 4583 εύθυρρημοτύνη
989 4508 1062 4578 1087
1079 4524 1136 4561 om.
1151 4506 1186 4559 G.
1199 4544 1229 4552 ..
1244 4502 1279 4566 34
1296 4496 1533 4576 ἤγουν-χρήματα
1546 4516 1603 4553 om.
1621 4502 1704 4557 Dorv.

129 4612 158 4661 n,
175 4609 256 4663 129:
269 4590 427 4665 nequejam
439 4588 593 4646 obscurum
603 4602 655 4660 est,
666 4590 734 4665 quid
744 4593 902 4651 scholiastae
989 4614 1079 4669 1092,
1102 4602 1137 4662 47
1158 4587 1267 4656 ὑπὸτῆς
1285 4587 1320 4645 Θ.
1340 4584 1418 4664 φησίν
1436 4583 1476 4642 ln
1493 4584 1540 4641 οὐκ
1560 4582 1663 4641 ἰάσεταί
1677 4604 1703 4641 σε

127 4683 165 4733 sit
181 4678 399 4755 εὐθυρρημονεῖν.
413 4676 634 4754 Similiterapud
649 4677 729 4737 Suid.
749 4680 779 4736 in
798 4682 902 4760 Ιέύθυρ-
945 4691 981 4743 lt.
992 4722 1023 4733 ..
1039 4690 1075 4755 49
1092 4696 1227 4756 perversa
1241 4674 1306 4733 cod.
1326 4679 1379 4731 LB.
1400 4672 1598 4749 interpretatio
1614 4692 1649 4728 ex
1671 4692 1705 4727 eo

128 4765 228 4845 ρήμων
244 4762 336 4838 (quod
351 4763 378 4820 in
393 4764 534 4838 Hesychia
548 4784 699 4843 perperam
714 4766 802 4824 scribi
818 4768 900 4826 arbi·
946 4769 1070 4831 manavit
1080 4811 1087 4839 ‚
1098 4766 1175 4844 qnod
1189 4766 1218 4823 in
1232 4764 1288 4823 boc
1301 4762 1376 4819 libro
1388 4780 1440 4837 per
1453 4778 1579 4817 errorem
1590 4778 1616 4815 ν.
1633 4780 1705 4833 ¹⁰9⁰

128 4868 215 4925 ιιοι,
231 4852 422 4931 Εὖθνργῆμος,
438 4850 604 4929 ἐτυμολόγος)
626 4855 689 4911 talis
703 4856 806 4912 vetusti
828 4858 900 4914 scri-
942 4859 1042 4939 juveni
1058 4858 1095 4914 sit
1110 4854 1245 4923 tributus,
1255 4870 1320 4927 pars
1333 4850 1477 4925 sequentis
1486 4848 1589 4904 vetulae
1602 4870 1608 4903 :
1624 4866 1704 4904 erna-

129 4941 230 5019 ptoris
251 4939 333 4995 iocus
356 4939 517 5014 promitur:
530 4938 573 4996 ύτι
592 4938 663 5017 λέγει
676 4940 861 5022 Ἀριστοφάνης
871 4942 902 5002 τὸ
945 4950 1038 5007 culata
1055 4928 1234 5022 postmodum
1248 4940 1301 4996 hac
1318 4936 1381 4995 labe
1395 4936 1535 4995 sciathum
1554 4947 1646 4992 tamen
1663 4937 1701 4990 in-

129 5033 228 5104 δεῖνα,
244 5028 279 5089 τὸ
288 5028 465 5109 ῥηθησόμενον
479 5029 555 5101 ἀηδὲς
564 5030 697 5112 ἐκφεύγειν
708 5030 806 5097 ἐὐθέως
815 5032 902 5111 λίγει,
947 5046 1052 5091 tactum
1070 5030 1213 5090 tertransit.
1226 5032 1335 5086 Hansr.

128 5117 175 5177 ἵνα
199 5118 242 5195 μὴ
268 5115 499 5197 εύθυρρημονήσῃ·
522 5118 578 5177 ubi·
592 5122 733 5195 primum,
747 5122 827 5197 quod
840 5122 902 5199 jam
991 5123 1073 5195 1093,
1090 5119 1126 5175 52
1144 5115 1202 5175 ἀντὶ
1221 5119 1266 5173 τοῦ
1280 5136 1336 5171 om.
1357 5116 1391 5173 Θ.
1415 5102 1467 5169 οἷον
1484 5112 1528 5179 in.
1543 5110 1602 5167 ald.
1625 5108 1706 5180 risil-

130 5221 200 5267 ante
223 5205 414 5283 conjectando
430 5208 703 5285 pervestigavcram,
722 5207 840 5286 ἐκφεύγει
852 5214 898 5269 τύ·
946 5230 1034 5287 γαινον
1043 5214 1098 5266 Vm
1112 5210 1221 5265 Partem
1234 5203 1335 5261 suidas
1348 5201 1465 5259 (iuditia
1481 5200 1593 5259 Πιττοῦν
1605 5220 1611 5234 ·
1624 5197 1707 5257 stho-
