4100 6109
289 461 326 510 ιο
852 441 1109 504 36110111111ν
1137 444 1332 517 1101111115.

289 579 348 638 δντί
367 583 414 640 τοῦ
436 579 472 644 είς
493 576 598 657 ὄλεθρον
618 575 677 635 κατ’
703 573 879 655 εὐρημισμόν.
896 574 955 633 ἐπεί
976 575 1023 633 καὶ
1046 576 1070 633 οί
1115 572 1223 644 Ἄλλως.
1241 579 1276 644 ὑις
1294 575 1338 636 ἐπί
1358 579 1510 656 ἀγάλματος
1532 570 1588 638 εἶπε
1610 580 1654 640 διδ
1673 582 1703 641 τὸ
1724 582 1831 662 μέγεθος
1849 575 1900 656 τῆς

289 669 428 734 τεθνεῶτες
448 672 596 744 μακαρῑται
616 662 746 742 λέγονται.
810 659 919 728 Ἄλλως.
942 659 1071 743 Μακαρία
1116 661 1211 740 μάζης.
1227 683 1259 732 v,

290 753 452 836 Ἡρακλέους
474 751 602 831 Θυγάτηρ,
625 750 658 823 ἣν
682 753 707 810 ot
734 751 866 823 Ἀθηναῖοι
890 749 956 830 ὑπὲρ
984 752 1071 809 αὐτῶν
1158 771 1221 812 117ο.
1243 751 1371 831 ῶςμέγαν
1388 775 1396 814 :
1412 753 1568 826 Δεληθότως
1579 759 1733 836 σεμνολογεῖ
1746 758 1777 817 τὸ
1792 757 1901 837 μέγεθος

291 845 475 902 ἀποθανοῦσαν
490 841 639 905 πολυτελῶς
655 837 764 918 ἔθαψαν.
807 871 847 883 -
863 836 973 904 Ἄλλως.
997 834 1068 894 κατθ
1115 844 1161 897 τοῦ
1183 841 1335 920 ἀγάλματος
1351 841 1407 919 [διδ
1426 847 1472 900 τοῦ
1493 844 1575 902 εἰπεῖν
1595 844 1638 903 τὸν
1666 846 1793 906 δάκτυλον
1819 849 1901 906 αὑτοῦ

265 930 340 1001 οτὴν
368 928 523 1010 Εὐρυσθέως
546 928 592 987 ἐπί
621 924 668 992 τίς
690 924 800 997 Ἀθήνας
827 924 968 1006 στρατείαν
995 925 1072 1003 λόγος
1117 925 1212 1005 μέγαν,
1233 925 1324 1008 ῶσπερ
1342 929 1388 988 καί
1408 930 1452 988 διὰ
1466 937 1511 989 τοῦ
1526 933 1608 990 εἰπεῖν
1621 937 1648 991 ἐν
1661 935 1731 1015 χειρί
1745 933 1928 1015 ἐλεφαντίνης

292 1016 455 1098 Ἡρακλέους
468 1013 599 1095 θυγατέρα
615 1014 760 1094 Μακαρίαν
771 1013 886 1089 τούνομα
901 1009 996 1083 ἑαυτήν
1006 1010 1073 1090 ὑπὲρ
1116 1011 1163 1086 τὴν
1178 1013 1323 1087 λευκότητα
1336 1016 1382 1074 καί
1400 1017 1577 1098 λαμπρότητα
1592 1020 1637 1079 καὶ
1653 1022 1684 1080 τὸ
1698 1021 1795 1090 κάλλος
1809 1025 1900 1082 αὑτοῦ.

292 1109 339 1176 τῆς
349 1104 450 1167 πόλεως
461 1105 497 1170 είς
508 1100 612 1184 σραγλν
622 1102 789 1178 μεταδοῦναι.
799 1097 859 1166 τοὺς
870 1090 914 1158 οὑν
925 1097 1074 1170 Ἀθηναίους
1117 1099 1226 1169 ἕκαστος
1245 1102 1272 1162 δέ
1291 1105 1430 1184 φιλονεικεῖ
1449 1103 1529 1174 δεῖξαι
1545 1106 1593 1178 τήν
1610 1114 1658 1180 τῆς
1676 1109 1784 1182 Ἀθηνᾶς
1799 1109 1901 1169 εὑνοιαν

292 1190 362 1252 κατὰ
384 1189 463 1270 τιμήν
486 1195 532 1260 τῆς
554 1188 649 1256 παιδὸς
671 1191 751 1248 αὑτοῦ
774 1187 840 1260 άνθη
863 1187 909 1246 καί
933 1186 1074 1268 στεφάνους
1117 1190 1143 1247 ἐν
1155 1194 1188 1269 τῇ
1202 1189 1292 1263 πολιι,
1305 1195 1340 1257 ὡς
1351 1194 1374 1251 εί
1387 1195 1464 1252 τοῦτο
1475 1192 1577 1269 δείξειε,
1589 1195 1634 1254 καί
1647 1195 1695 1269 τήν
1708 1201 1802 1259 ἑαυτοῦ
1817 1181 1902 1258 οἴεταί

291 1281 519 1362 παρακελεύεσθαι
529 1281 583 1345 τοῖς
597 1277 700 1349 σίλλοις,
713 1280 749 1344 ῶς
764 1274 813 1347 τὴν
827 1275 978 1360 παροιμίαν
988 1275 1074 1334 ἐλθεῖν
1117 1275 1199 1349 δήλην
1212 1284 1322 1350 ποιῆσαι
1335 1277 1400 1358 πρθς
1413 1278 1461 1350 τήν
1474 1280 1551 1338 πόλιν
1564 1279 1687 1362 εὑνοιαν.]
1872 1273 1875 1278 ¹

254 1387 281 1426 1⁰
293 1368 339 1428 καί
351 1369 396 1428 ἐπί
407 1371 460 1426 τῶν
473 1363 696 1447 προθυμουμένων
709 1388 744 1423 τι.
759 1355 833 1430 αύθις
846 1363 874 1424 δὲ
886 1385 1073 1443 καταχρηστι-
1159 1385 1220 1426 1171.
1242 1364 1294 1443 ἐγὼ
1309 1366 1331 1424 δ’
1344 1364 1414 1433 έτνος
1425 1389 1455 1445 γε
1468 1385 1476 1427 :
1488 1363 1553 1427 Ὅτι
1564 1367 1599 1426 τὰ
1612 1367 1708 1448 ὄσπρια
1723 1373 1795 1451 έντῇ
1809 1371 1903 1454 ἑψήσει
1919 1398 1945 1436 ω
2029 1381 2030 1396 ’

293 1460 346 1523 κῶς
363 1456 408 1515 καί
430 1455 475 1514 ἐπί
497 1454 587 1526 πάσης
603 1451 780 1535 δροσιιὺσεως.
799 1473 831 1518 v.
877 1449 997 1530 [Ἄλλως.
1017 1473 1073 1510 πα·
1118 1453 1326 1532 θιαθρύπτονται.
1340 1451 1420 1512 πάλιν
1436 1451 1464 1512 δὲ
1478 1453 1508 1512 τὸ
1523 1456 1549 1513 ἐν
1568 1455 1652 1538 Πύλῳ
1671 1456 1833 1538 κατόρθωμα
1846 1459 1903 1540 [διδ

295 1545 444 1624 ροιμιῶδες,
457 1543 535 1624 βάλλ’
554 1546 591 1609 εἰς
610 1540 752 1622 μακαρίαν.
771 1544 795 1599 σί
813 1538 860 1617 μὲν
879 1539 938 1598 κατ’
958 1541 1074 1620 εὑρημι-
1117 1547 1162 1601 τοῦ
1175 1540 1370 1621 Πυλαιμάχος].

294 1632 361 1710 σμὸν
373 1631 491 1700 ἐδέξαντο
500 1628 688 1709 λέγεσθαιάντί
698 1634 755 1701 τοῦ,
765 1627 840 1708 βάλλ’
851 1629 887 1695 είς
898 1626 1074 1698 δειλαιότητα.
1160 1649 1219 1690 1173.
1236 1625 1396 1712 προΐσταται
1408 1629 1454 1688 καί
1465 1631 1603 1711 φυλάσσει.
1616 1651 1647 1700 v,

295 1719 439 1802 Μακαρίαν
457 1719 508 1800 γὰρ
533 1721 560 1777 ἐν
584 1715 664 1804 ᾍδου
688 1717 785 1796 χωρίον
806 1717 984 1776 διατυποῦσιν.
1003 1719 1028 1773 οί
1047 1713 1074 1774 δί
1159 1737 1219 1778 1174.
1242 1716 1363 1798 ὑπερέχει
1373 1739 1419 1777 σου
1434 1739 1442 1778 τ
1455 1717 1524 1778 Ἀντί
1537 1725 1583 1778 τοῦ
1597 1722 1746 1801 ὑπερμαχεῑ
1760 1722 1806 1781 καί
1819 1727 1904 1802 ὑπερ·

256 1829 282 1869 1ο
295 1807 343 1878 τὴν
362 1806 507 1888 Μακαρίαν
525 1804 654 1888 θυγατέρα
673 1804 738 1885 ρασὶ
755 1809 801 1862 τοῦ
816 1801 1021 1884 Ἡρακλέουςή
1044 1825 1075 1880 γι
1118 1805 1221 1873 ασπίζει
1243 1827 1299 1865 σου.
1321 1803 1379 1862 ἀντί
1399 1804 1427 1864 δί
1442 1809 1490 1864 τοῦ
1510 1807 1592 1865 εἰπεῖν
1611 1807 1829 1890 περικεραλαίαν,
1846 1800 1906 1869 εἶπε
1921 1835 1946 1875 ις

293 1894 363 1954 κατδι
381 1894 429 1968 τήν
447 1895 491 1955 ἐπὶ
503 1894 550 1962 τίς
569 1893 676 1965 Ἀθήνας
690 1891 843 1972 Εὐρυσθέως
853 1895 1005 1972 στρατείαν,
1021 1895 1074 1950 τῶν
1117 1893 1216 1976 χύτραν
1230 1893 1278 1972 [ὡς
1292 1891 1435 1974 μάγειρος].

294 1983 437 2054 Ἀθηναίων
466 1982 504 2059 μὴ
533 1979 686 2041 ἐκδιδόντων
712 1983 784 2060 αὐτῷ
811 1979 871 2048 τοὺς
898 1977 1076 2060 Ἡρακλείδας
1158 1981 1217 2061 [τήν
1231 1981 1330 2063 χύτραν
1348 1981 1439 2042 τἈντλ
1453 1987 1499 2042 τοῦ
1514 1985 1597 2042 εἰπεῖν
1607 1985 1709 2066 χεῖρα]

294 2070 359 2152 πρός
377 2069 422 2131 τόν
435 2075 481 2128 τοῦ
495 2067 588 2129 Ἐλέου
608 2066 697 2148 βωμὸν
715 2065 934 2148 καταφυγόντας,
950 2070 1074 2146 χρησμοῦ
1161 2091 1218 2132 1177.
1242 2076 1259 2142 ἡ
1284 2069 1461 2149 Φοόεστράτη
1487 2092 1494 2131 :
1521 2069 1555 2133 Ἡ
1578 2071 1696 2154 ροὺοῦσα
1718 2073 1763 2132 τόν
1780 2073 1904 2155 στρατόν.

295 2158 423 2236 δοθέντος,
436 2157 494 2226 τοθς
514 2155 662 2228 Ἀθηναίους
681 2155 806 2229 νικήσειν,
822 2155 846 2214 εί
858 2179 897 2222 τις
913 2157 966 2213 τῶν
988 2153 1074 2234 Ἡρα·
1119 2158 1176 2231 έξῆς
1189 2159 1217 2218 δὲ
1230 2157 1263 2218 τί
1277 2157 1382 2218 ἐπίθετα
1396 2163 1443 2230 τῆς
1456 2163 1523 2218 θεοῦ.

254 2265 281 2303 w
294 2248 404 2306 κλειδῶν
423 2246 488 2327 πρὸς
508 2245 618 2306 θάνατον
641 2243 757 2304 ἑκούσιον
779 2243 847 2324 ἐκδῷ
868 2241 970 2314 ἑαυτὸν,
991 2240 1074 2301 κατέ·
1160 2267 1222 2308 νιτο,
1244 2245 1291 2305 καί
1304 2245 1409 2326 χόλικος
1424 2245 1702 2328 εΧόλικεςτθπαχέα
1716 2248 1816 2330 ἔντερα.
1829 2249 1907 2329 χόλι-
1921 2274 1949 2314 n
2032 2291 2033 2294 =

294 2335 390 2417 στραξεν
414 2334 520 2406 ίαυτλν,
542 2338 577 2402 ὡς
599 2336 626 2392 ἐν
650 2331 836 2415 Ἡρακλείδαις
859 2329 1013 2411 Εὐριπίδης·
1044 2321 1076 2403 ἧς
1119 2357 1163 2402 κος
1175 2333 1202 2394 δὲ
1213 2332 1259 2393 καί
1270 2333 1399 2415 ἠνύστρου
1415 2335 1632 2418 ἐκπαραλλήλου
1645 2335 1675 2394 τθ
1689 2336 1763 2397 αὑτό.
1778 2342 1863 2396 ταῦτα
1877 2337 1907 2396 δί

294 2424 338 2482 τὸν
350 2423 431 2506 πόρον
444 2421 533 2480 άνθεσι
547 2421 593 2480 καί
605 2419 741 2495 περόναις
752 2422 880 2498 τιμῶντες
894 2420 918 2476 οί
931 2417 1076 2490 Ἀθηναῖοι,
1120 2420 1257 2500 ίγκατιὺδη
1277 2421 1353 2502 κρέα.
1368 2420 1449 2498 τομδν
1469 2419 1512 2494 δί,
1527 2413 1579 2481 οἷον
1594 2421 1718 2502 τέμαχος.
1733 2423 1863 2504 ἤνυστρον
1877 2422 1908 2482 δὲ

294 2515 331 2578 ὡς
346 2516 398 2570 τῶν
421 2509 548 2592 Ἀργείων
570 2507 748 2585 ἡττηθέντων,
778 2505 911 2583 ἐπέλεγον,
941 2503 1017 2583 βάλλ’
1041 2507 1077 2572 είς
1119 2509 1347 2586 νήιιοίτωιιοιλίιι.Ι
2033 2529 2034 2546 1

295 2599 450 2680 Μακαρίαν.
472 2598 503 2658 τὸ
526 2599 573 2675 μὲν
594 2588 638 2657 οὑν
659 2599 763 2677 πρῶτον
789 2593 833 2652 ἐπί
854 2595 908 2652 τῶν
931 2592 991 2651 κατ’
1011 2595 1076 2674 ἀρε·
1161 2619 1223 2658 11ι1.
1244 2597 1426 2679 ἡΓοργολόρα
1441 2618 1448 2659 ;
1461 2597 1495 2658 Ἡ
1508 2601 1538 2658 ἐκ
1547 2603 1594 2669 τῆς
1608 2601 1724 2680 κεφαλῆς
1733 2603 1780 2672 τῆς
1791 2602 1908 2680 Γοργοῦς

255 2719 281 2756 25
296 2685 344 2757 τὴν
380 2685 503 2746 διδόντων
535 2686 644 2752 ἑαυτοὺς
684 2687 720 2750 εἷς
753 2682 865 2742 θάνατον
898 2684 915 2753 θ
948 2681 1077 2760 παρσῑμία
1119 2686 1167 2759 τήν
1179 2686 1386 2768 περικεφαλαίαν
1399 2685 1507 2767 έχουσα.
1521 2686 1620 2767 ἐλατὴρ
1632 2685 1819 2766 δέ,πέμματος
1829 2679 1906 2756 εἶδος.
1922 2713 1949 2752 νε

296 2772 409 2852 ἐλέγετο.
434 2773 543 2854 ὕστερον
572 2770 601 2831 δέ
622 2771 667 2832 ἐπί
686 2769 775 2842 πόσης
799 2766 975 2850 ἅφσσνίνσῑανα-
999 2767 1077 2849 φθόρε
1120 2775 1186 2843 τινὲς
1202 2777 1250 2852 μίν
1265 2775 1368 2851 ἄζυμα,
1386 2777 1453 2842 τινὲς
1472 2771 1499 2833 δέ
1515 2775 1619 2847 πεπτὰ,
1633 2767 1718 2844 M<
1731 2777 1777 2835 καὶ
1794 2776 1908 2858 Εὑριπί-

296 2861 337 2934 δέ,
348 2861 447 2943 όλεθρε,
460 2859 620 2944 ρθοροποιέ.]
1121 2865 1175 2934 δης.
1194 2861 1283 2932 ίπαιξε
1304 2861 1333 2921 δὲ
1350 2867 1404 2930 τοῖς
1423 2860 1534 2939 ὀνόμασι
1550 2862 1593 2922 διδ
1606 2862 1655 2936 τὴν
1669 2863 1730 2945 περί
1747 2863 1781 2922 τὰ
1793 2863 1907 2924 ναυτικά

337 2970 396 3010 1158.
418 2941 494 3028 [οἶσθ’
509 2938 553 3008 032
567 2950 582 3007 ὃ
596 2948 693 3028 δρᾶσον
711 2969 717 3005 :
732 2943 848 3006 Ἀττικὸν
870 2940 929 3002 ἀντί
947 2947 994 3001 τοῦ
1011 2943 1077 3024 θρά·
1121 2955 1172 3010 τῶν
1187 2951 1328 3024 Ἀθηναίων
1341 2949 1491 3033 ἐμπειρίαν,

296 3038 371 3116 σεις.]
976 3049 979 3057 “
1162 3061 1221 3102 11ιι.
1244 3037 1401 3121 ίντερονείαν
1416 3058 1424 3100 2
1441 3037 1485 3100 Τά
1498 3037 1615 3116 ἐγκοίλια
1628 3037 1668 3112 Ιτθ
1682 3039 1736 3099 ἀπὸ
1748 3045 1797 3112 τῆς
1809 3041 1906 3120 τρόπι-

255 3153 282 3191 ao
337 3145 397 3185 1¹⁵⁹.
420 3124 617 3271 ἅπθῦβαλύίδων
630 3145 637 3185 :
652 3117 1077 3202 Βαλὸίεῆἅφῑσῑνῖἶθίρθμὲων-
1121 3126 1337 3209 δοςάνερχόμενα
1352 3125 1432 3204 ξύλα,
1446 3125 1589 3208 ἐντερόνεια
1603 3127 1733 3186 καλεῖται.
1793 3125 1906 3198 Ἄλλως.
1921 3149 1948 3188 α)
2035 3179 2036 3202 .

296 3213 453 3289 μετήνεγκεν
495 3213 577 3272 νάπδ
587 3215 639 3271 τῶν
650 3210 712 3291 περί
724 3208 835 3291 δρόμους
846 3206 1037 3284 ἁμιλλωμένων
1050 3209 1078 3266 έν
1121 3219 1144 3274 οί
1158 3214 1254 3292 μὲν,τ“ο
1268 3218 1319 3273 τῶν
1331 3218 1394 3273 νεῶν
1407 3211 1509 3296 έδαρος.
1524 3217 1547 3273 οί
1562 3211 1651 3287 δέ,τίε
1662 3214 1789 3294 ἐγκοῶια.
1804 3213 1906 3294 βέλτιον
2035 3241 2036 3256 1

295 3301 348 3365 ταῖς
357 3302 449 3376 ἀγῶσι.
458 3300 566 3380 [βαλὸίτ
575 3298 602 3359 δὲ
615 3299 736 3358 καλεῖται
747 3296 777 3355 σὺ
788 3298 815 3354 έν
827 3299 862 3374 τῇ
876 3296 947 3375 ἀρχῇ
959 3299 1004 3352 τοῦ
1018 3295 1077 3375 &pb-
1122 3302 1162 3377 δὲ,
1176 3301 1223 3374 τλν
1236 3306 1288 3362 τῶν
1303 3303 1439 3380 ἐγκοιλίων
1453 3301 1517 3374 ῦλην
1531 3299 1625 3380 λέγειν.
1637 3308 1721 3362 ταῦτα
1735 3301 1764 3362 δὲ
1776 3303 1906 3382 Ἡρωδια-

299 3409 350 3465 μου
359 3388 479 3465 κείμενον
493 3387 637 3468 ἐγκαρσίως
648 3385 732 3458 ξύλον,
745 3383 816 3445 δκαί
828 3380 970 3464 ἀφετηρίαν
982 3383 1078 3442 auxon—
1120 3392 1163 3459 νδς
1176 3394 1203 3450 ἐν
1216 3395 1249 3472 τῇ
1264 3389 1376 3450 καθόλου
1392 3388 1592 3473 προπαροξύνει.
1608 3390 1666 3468 [καί
1680 3396 1696 3462 ἡ
1716 3391 1861 3473 ἐντερόνεια
1876 3391 1906 3451 δὲ

295 3499 347 3537 σιν.
370 3474 435 3555 ὑπερ
455 3473 523 3552 μετθι
543 3475 575 3533 τὸ
593 3475 780 3551 ἑτοιμασθῆναι
798 3467 858 3536 τούς
875 3469 980 3548 δρομεῖς
999 3470 1080 3537 2152*-
1120 3479 1205 3560 τούτῳ
1215 3483 1252 3559 τῷ
1263 3477 1333 3560 λόγῳ
1341 3477 1436 3559 ῶρειλε
1447 3475 1908 3558 συστέλλειντὸακαίπαροξύνειν.]

254 3587 280 3626 οι
294 3565 416 3645 δραμεῖν,
431 3562 618 3644 ἀφαιρούμενοι
635 3560 745 3642 ἀφίεσαν
760 3555 872 3639 τρέχειν.
933 3552 1043 3624 Ἄλλως.
1060 3561 1077 3632 ἡ
1121 3567 1189 3626 οὑτω
1198 3567 1249 3648 γάρ
1258 3565 1306 3638 τήν
1318 3564 1470 3646 ἐντεριώνην
1481 3564 1667 3646 Ἀριστοφάνης
1675 3566 1701 3624 ἐν
1710 3567 1763 3634 τοῖς
1771 3566 1906 3628 Ἱππεῦσιν
1921 3593 1947 3632 ος

295 3649 345 3708 ὑπδ
352 3648 399 3721 τήν
406 3649 657 3728 ὑσπληγαγινομένη
667 3643 794 3728 γραμμὴ,
803 3642 846 3702 διδ
854 3665 883 3701 το
893 3667 927 3702 επ
946 3649 1026 3716 αυνῆς
1035 3649 1078 3724 βα·
1122 3644 1202 3725 είπεν,
1222 3651 1286 3735 ὅπερ
1300 3651 1397 3712 ἐστλτθ
1417 3651 1576 3730 μεσαίτατον
1589 3657 1636 3724 τῆς
1651 3651 1731 3725 νεὼς,
1746 3654 1764 3712 ὅ
1775 3657 1832 3714 ἐστι
1845 3678 1907 3713 συν-

295 3735 405 3807 ὑηκέναι
424 3736 483 3804 τοὺς
498 3734 626 3818 δρομέας,
645 3733 739 3815 βαλὺίς
753 3735 886 3802 καλεῖται,
901 3730 953 3789 άπδ
967 3739 1012 3791 τοῦ
1028 3736 1078 3792 είσ-
1122 3739 1304 3813 ςκτικῶτατον,
1318 3740 1375 3812 ἥτις
1391 3739 1447 3800 ἐστὶ
1462 3739 1561 3820 τρόπις.
1603 3738 1655 3798 ὑπὸ
1668 3739 1696 3799 δί
1710 3740 1798 3799 άλλων
1816 3741 1906 3822 μήτρα

296 3823 440 3883 θάλλεσθαι
452 3823 546 3904 βάδην.
559 3827 663 3906 πρῶτον
674 3820 725 3904 γδιρ
740 3819 903 3900 εἰσέρχονται
917 3818 1009 3898 βάδην,
1021 3811 1078 3880 εἶτα
1120 3831 1250 3889 καλεῖται,
1264 3828 1327 3910 φησὶ
1340 3826 1367 3886 δὲ
1380 3832 1394 3886 ὁ
1410 3825 1528 3906 κωμικὸς

294 3918 340 3970 τοῦ
356 3911 453 3992 δρόμου
465 3912 600 3993 ἄρχονται.
613 3910 631 3983 ἢ
643 3910 696 3969 ἀπὸ
709 3914 754 3968 τοῦ
768 3907 884 3982 ἅλλομαι
895 3905 974 3983 όιλμίς
986 3909 1078 3988 Q,

255 4023 282 4060 ιιι
295 3997 488 4082 ὑπερόιὺασμῶ
501 3999 601 4080 βαλὺίς.
613 3995 631 4069 ἢ
645 3997 698 4056 ἀπὸ
711 4002 756 4055 τοῦ
768 3994 872 4076 βαίνοι]

336 4109 397 4148 11ο1.
415 4089 520 4147 ὑποθεῖν
538 4089 586 4145 οὐκ
604 4089 639 4145 ἐῶ
658 4105 667 4146 :
686 4082 869 4164 ‘l'mpc'xem
890 4083 1078 4158 ὑποσκελίζειν,
1121 4088 1143 4144 εί
1155 4083 1192 4162 μὴ
1204 4083 1256 4165 ἄρα
1268 4081 1392 4155 ποιητική
1405 4085 1475 4142 ἐστιν
1489 4088 1506 4154 ἡ
1519 4081 1631 4150 ἔκτεισις.
1921 4119 1949 4158 u)

295 4175 341 4234 καί
350 4174 472 4253 ἐμποδὼν
480 4173 614 4234 ἵστασθαι.
1162 4191 1222 4232 1187.
1244 4171 1303 4252 τρία
1313 4171 1359 4231 καί
1372 4170 1418 4230 δύο
1431 4191 1438 4230 :
1454 4171 1524 4251 Τρία
1538 4169 1604 4252 μέρη
1616 4169 1709 4238 ὕδατος
1720 4171 1907 4252 ἐπιδεχόμενον

337 4284 397 4324 ι1σο.
408 4263 460 4342 ἐγὼ
471 4263 604 4344 θρύψομαι
615 4281 622 4321 :
636 4259 707 4322 Ἀντί
717 4263 763 4317 τοῦ
774 4253 1008 4334 συντριύήσομαιή
1019 4259 1079 4340 σρό-
1120 4259 1166 4319 καί
1178 4257 1223 4318 δύο
1232 4257 1310 4320 οἴνου.
1323 4257 1417 4340 ἀρίστη
1428 4257 1456 4317 δὲ
1468 4267 1560 4340 κρᾶσις
1571 4257 1640 4318 οίνου
1653 4257 1699 4317 δύο
1711 4257 1778 4339 μέρη
1789 4259 1835 4318 καί
1846 4259 1907 4318 ὑδα-

296 4353 344 4434 δρα
362 4350 488 4432 τρυρήσω
510 4350 557 4410 καί
576 4353 762 4426 σεμνυνοῦμαι.
779 4341 921 4424 [μαζίσκην
939 4344 981 4417 δί,
1001 4344 1078 4426 ἄρτον
1121 4369 1163 4416 τος
1174 4346 1242 4430 τρία.

256 4457 282 4498 1ο
295 4439 502 4522 πεφυραμένον]
1162 4457 1222 4496 11817.
1244 4431 1434 4515 ἐνετριτώνισεν
1456 4454 1463 4492 :
1486 4433 1624 4515 Εὑκαίρως
1641 4437 1679 4515 τῷ
1697 4433 1810 4516 ἐπιθέτῳ
1825 4435 1907 4518 ἐχρή-

337 4546 398 4588 11ο7.
417 4530 446 4586 ἐκ
461 4531 513 4585 τῶν
526 4527 593 4584 ὀλῶν
609 4543 616 4584 :
635 4521 715 4584 Ὀλαί
727 4525 755 4580 αἱ
768 4521 824 4598 μεθ’
836 4518 908 4576 ἁλῶν
918 4520 1079 4600 μεμιγμέναι
1122 4545 1200 4594 σατο,
1214 4519 1258 4581 ίνα
1278 4519 1359 4600 παιξη
1378 4520 1451 4602 παρὰ
1470 4520 1505 4580 τά
1520 4521 1580 4604 τρία
1599 4521 1646 4581 καί
1664 4520 1719 4583 δύο.
1738 4521 1860 4603 βούλεται
1877 4521 1907 4582 δί
1920 4547 1946 4584 ιο

296 4613 397 4693 κριθαί,
410 4614 455 4673 καί
468 4615 521 4680 τοῖς
535 4611 647 4690 θύμασιν
660 4597 874 4686 ἐπιόαλλόμεναι.
892 4605 972 4666 πάλιν
987 4608 1015 4670 δέ
1032 4614 1080 4692 Ru·-t
1122 4611 1216 4683 δηλοῦν
1232 4607 1272 4668 ότι
1288 4613 1305 4680 ἡ
1322 4609 1418 4680 Ἀθηνᾶ
1436 4615 1551 4670 τοιοῦτον
1566 4607 1645 4669 αύτθν
1655 4609 1791 4683 ἐποίησεν,
1807 4614 1843 4678 ὡς
1856 4609 1907 4670 δύ-

297 4705 367 4780 ρυῶς
377 4701 572 4779 ὑπομιμνήσκει
586 4704 637 4759 τῶν
651 4702 678 4758 ἐν
690 4701 783 4779 Πύλῳ.
1122 4703 1214 4757 νασθαι
1227 4695 1288 4779 τρία
1303 4695 1386 4779 μέτρα
1403 4696 1490 4779 ρέρειν
1507 4695 1607 4765 ὑδατος.
1619 4696 1636 4770 ἣ
1648 4702 1684 4766 ῶς
1695 4697 1749 4757 ἀπὸ
1760 4702 1813 4760 τῶν
1826 4702 1907 4780 τριῶν

339 4775 400 4847 niza.
424 4785 655 4866 μεμυστιλημένας
675 4805 683 4846 :
703 4787 939 4865 Κατειργασμένας
960 4786 1013 4858 ήδη
1034 4785 1079 4845 καί
1122 4783 1274 4866 κραμάτων.
1287 4782 1305 4856 ἢ
1319 4788 1354 4852 ὡς
1368 4783 1421 4842 άπὸ
1432 4783 1564 4864 Τρίτωνος
1576 4789 1696 4862 ποταμοῦ
1714 4783 1830 4856 Λιόύης,
1841 4785 1906 4866 παρ’

257 4895 284 4936 w
298 4875 431 4954 ἑτοίμους,
447 4875 565 4934 τουτέστι
587 4873 786 4952 μεμασημένας.
804 4905 836 4914 -
852 4875 980 4953 μυστίλας
995 4893 1003 4934 t
1019 4876 1078 4934 Μυ·
1121 4864 1290 4953 ᾧέτέχθηή
1311 4871 1413 4943 Ἀθηνᾶ.
1439 4869 1594 4951 βωμολόχον
1615 4870 1656 4943 δὲ,
1677 4867 1835 4952 πανοῦργον,
1852 4872 1906 4948 λη-

297 4965 374 5036 στίλη
387 4965 496 5029 δκοῖλος
504 4963 608 5044 βωμός,
622 4962 720 5044 ψίχιον,
732 4959 796 5043 δρδξ
809 4963 903 5043 χειρός.
924 4967 986 5014 νῦν.
1121 4957 1235 5040 στρικόν.
1922 4990 1949 5027 5⁰

259 5073 263 5080 ·
355 5073 415 5113 11οο.
431 5051 477 5110 δύο
495 5051 558 5111 εἰσίν
570 5049 614 5109 ἐπί
624 5055 671 5122 τῆς
685 5049 972 5131 ἀκροπόλεωςλλθηνᾶς
983 5048 1079 5121 ναοὶ,θ
1164 5069 1223 5108 11οο.
1247 5046 1291 5106 διδ
1303 5044 1338 5106 τόν
1350 5045 1425 5127 κρέα.
1441 5057 1471 5104 V.

297 5145 344 5211 τῆς
354 5139 479 5206 πολιάδος
489 5138 565 5210 καλή
580 5137 817 5220 χρυσελεφαντίνη,
830 5139 862 5210 ἣν
878 5137 933 5196 ἀπὸ
948 5141 1000 5195 τῶν
1016 5139 1079 5208 Μη-
1163 5155 1222 5196 1191ι.
1229 5141 1290 5217 δρᾷς
1299 5133 1361 5194 τάδε
1374 5156 1381 5195 ;
1395 5133 1438 5196 Τθ
1450 5137 1542 5213 λαγῷα
1555 5133 1681 5194 δείκνυσιν
1693 5133 1910 5216 αὐτῷκαλχλεψ

298 5231 377 5288 δικῶν
410 5224 513 5287 σκύλων
544 5223 743 5287 κατεσκεύασαν
776 5224 888 5300 Φειδίου
919 5223 1077 5292 πλάσαντος.
1122 5222 1177 5292 άζει
1191 5225 1226 5289 ὡς
1240 5226 1286 5282 οὐκ
1297 5221 1401 5304 ἔχοντα.

1214 3965 1246 4016 εῐς
1252 3959 1294 4016 τὰς
1303 3959 1399 4023 τριήρεις
1409 3958 1548 4022 ἐντιρονείαν
1558 3960 1573 4016 ἡ
1583 3959 1642 4014 θεὸς.
