4100 6109
709 446 901 507 εονοιιι
927 450 974 509 ειν
1000 450 1175 535 νεενιε
1690 470 1742 519 ιιι

179 602 226 643 εεο.
250 580 300 661 (ἔτι
311 580 334 641 δ’
347 587 364 655 ἡ
378 584 460 663 βουλὴ
472 586 514 663 χώ
526 587 608 662 δῆμος
621 608 628 646 :
642 586 675 648 ῚΙ
694 586 775 667 βουλὴ
787 590 831 648 καὶ
845 594 859 649 θ
874 591 921 662 δῆ-
940 618 944 681 ρ
1003 611 1052 653 οιε.
1074 591 1182 673 ίντραγε
1196 614 1203 653 ι
1218 590 1408 674 Ἐντρύρησον.
1430 605 1491 653 νέοι.

136 691 199 747 μσς,
209 668 272 729 ὅταν
287 670 411 751 ἀπορήσῃ
424 672 593 753 πράγματος,
603 678 657 743 τοῖς
668 677 804 743 δικασταῖς
818 680 921 761 ἐπιτρέ-
1002 700 1051 739 σιτ.
1071 668 1220 761 ἀταραθήσει
1230 714 1269 725 -
1278 680 1494 763 καταρασάμενος
1506 705 1513 743 :
1524 688 1550 744 Τ
1550 683 1565 744 ὐ
1571 685 1682 765 ἐπαχθές
1692 691 1742 745 τῶν

136 760 203 835 πει.)
963 768 1070 825 οἰκετῶν
1080 767 1212 844 σημαίνει.
1226 768 1382 849 τονθορύσας
1395 790 1402 829 :
1415 771 1560 849 Γογγύσας.
1572 770 1629 830 ἔστι
1640 772 1668 831 δέ
1679 774 1743 832 ποιά

178 846 247 922 (ιον).
260 844 398 911 Εύαθλοςς
411 845 528 915 Εὔαθλος
540 846 625 929 βήτωρ
635 849 807 932 συκοφάντης,
817 844 848 911 ού
858 876 921 929 μνη-
963 855 1047 934 φωνή.
1068 866 1132 913 νισι.
1148 856 1349 935 ἀριστοποιήση.
1364 868 1396 915 v.

105 948 121 987 ε
135 932 240 1011 μονεύει
249 932 295 991 καί
306 936 333 993 ἐν
343 932 498 1016 Ἀχαρνεῦσι
507 959 553 995 και
567 938 594 994 ἐν
616 938 735 997 Ολκασιν
747 961 828 1007 ουτως
840 968 852 991 α
864 940 920 1000 έσττ
1001 960 1050 1001 εει.
1073 939 1136 999 τάδε
1149 940 1282 1018 κέκτημαι
1298 964 1306 1003 :
1322 947 1348 1004 Τ
1349 944 1365 1003 ἀ
1381 948 1411 1003 ἐκ
1425 951 1472 1004 τοῦ
1488 947 1655 1028 δικαστηρίου
1671 948 1739 1029 χρή·
1756 969 1768 1005 ε

133 1049 146 1072 ι
162 1044 201 1088 τις
211 1020 325 1101 πονηρὸς
341 1026 405 1099 ἡμῖν
427 1020 534 1095 τοξότης
552 1022 706 1103 συνήγορος,
731 1023 820 1107 ῶσπερ
845 1026 919 1087 Εὔα·
963 1052 1045 1105 ματα.
1057 1027 1153 1099 σκευήν
1162 1028 1189 1087 δέ
1197 1028 1255 1087 ἀντὶ
1263 1036 1310 1089 τοῦ
1317 1031 1473 1092 πανοπλίαν.
1484 1034 1580 1112 βελέων
1590 1034 1618 1095 δέ
1625 1035 1742 1115 ἀλεωρὴν

132 1138 145 1160 ι
157 1111 226 1175 θλος.
238 1106 415 1185 »μνημονεύει
425 1106 453 1167 δέ
463 1111 542 1168 αὐτοῦ
548 1110 594 1169 καί
605 1110 720 1171 Πλάτων
731 1115 757 1170 ἐν
764 1111 920 1194 Πεισάνδρῳ
962 1113 1070 1187 σκέπην.

131 1196 695 1278 καὶΚρατῖνοςένΘρᾴτταιςκολακώνυμον
703 1198 731 1259 δέ
739 1192 796 1260 εἰπε
803 1202 849 1260 τδν
856 1204 921 1263 Κλε-
1000 1222 1049 1262 σιο.
1070 1202 1115 1263 τὸν
1133 1202 1191 1261 ύνον
1207 1224 1215 1262 1
1233 1194 1320 1280 (Εἶδος
1336 1207 1449 1286 ἀγγείου.
1464 1207 1527 1276 ίσυις
1540 1208 1567 1267 δέ
1582 1210 1625 1269 δεδι
1636 1211 1667 1269 τδ
1686 1212 1744 1271 διά-

130 1280 246 1359 ώνυμον.
260 1282 364 1365 εἴρηται
375 1283 403 1343 δὲ
414 1283 455 1343 ὅτι
468 1284 549 1355 κολαξ
558 1285 615 1366 [καλ
627 1285 772 1367 ῥίψασπις).
783 1288 814 1346 τδ
823 1288 851 1347 δέ
861 1288 920 1369 σύχὶ
961 1292 1073 1367 πλααμα
1087 1290 1157 1368 ἐχειν
1171 1289 1229 1349 ὄνου
1249 1293 1376 1373 μορφήν.)
1391 1330 1431 1337 -
1449 1294 1515 1363 τινές
1531 1297 1575 1355 τὸν
1593 1289 1669 1369 οἶνον,
1685 1301 1743 1358 ἀντὶ

93 1390 117 1431 ιο
130 1371 281 1450 προδώσειν
298 1376 383 1449 ἡμᾶς,
396 1371 454 1431 ἐπεὶ
468 1372 574 1453 λέγουσι
585 1372 618 1431 τά
632 1381 742 1433 τοιαῦτα
757 1379 780 1434 οἰ
800 1376 919 1459 βήτορες,
962 1382 1008 1435 τοῦ
1023 1377 1124 1458 οἰνηρὸν
1137 1379 1250 1454 ἀγγεῖον.
1264 1390 1293 1436 R.
1760 1401 1783 1440 ιο

128 1458 167 1525 ώς
175 1457 243 1539 ύπέρ
253 1462 331 1533 ήμῶν
341 1460 502 1537 ἀγωνίζομαι
513 1459 557 1518 καὶ
566 1461 626 1541 οὐχί
636 1461 764 1543 προδώσω
775 1463 823 1535 τήν
832 1464 919 1523 πόλιν.
1002 1483 1052 1524 ειν.
1075 1456 1150 1530 οὗτος
1164 1462 1193 1521 δέ
1209 1484 1216 1523 :
1233 1463 1279 1541 (Ὁ
1288 1464 1352 1533 όνος.
1367 1466 1457 1535 ἔπαιξε
1467 1467 1496 1527 δέ
1507 1474 1541 1536 ὡς
1554 1470 1617 1551 πρὸς
1629 1474 1658 1531 τὸ
1668 1476 1741 1553 ζῷον.

170 1566 222 1607 τοι.
245 1546 309 1626 (κάν
320 1545 450 1627 τῷδήμῳ
463 1546 571 1626 γνώμην
589 1548 699 1610 ιὍτιύ
718 1553 875 1633 δημηγορῶν
893 1553 920 1609 ἐν
964 1555 1121 1630 βρωμᾶσθαι
1135 1551 1162 1609 δέ
1176 1553 1233 1609 ἐστι
1243 1551 1274 1609 τὸ
1284 1558 1413 1612 πεινῶντα
1425 1556 1470 1613 τὸν
1483 1556 1540 1615 όνον
1553 1561 1689 1635 ὀγκᾶσθαι.
1704 1561 1744 1618 δῖ-

128 1636 169 1715 n}
183 1634 279 1715 δήμῳ,
291 1634 379 1715 φησίν,
393 1636 440 1693 οὐκ
455 1636 541 1715 ἰσχύει
549 1639 595 1708 τῆς
606 1634 679 1707 νίκης
691 1636 738 1709 τὴν
748 1641 845 1719 ψῆφον,
858 1637 920 1697 ἀνευ
962 1663 1003 1705 νος
1015 1637 1045 1698 δέ
1056 1641 1126 1697 ἐστιν
1140 1639 1245 1717 ἀγγεῖόν
1256 1664 1282 1699 τι
1296 1641 1433 1721 κεράμειον
1448 1643 1517 1703 οἴνου
1535 1636 1589 1703 οἷον
1602 1647 1742 1728 πρόχυμα,

128 1728 179 1795 τῆς
191 1722 303 1804 κρίσεως
314 1725 366 1781 τῶν
385 1723 529 1797 δικαστῶν,
545 1726 568 1782 εἰ
584 1724 622 1802 μή
641 1724 768 1807 πρότερον
782 1726 844 1809 πρὸς
857 1726 920 1804 μίαν
964 1726 1042 1807 βάσιν
1053 1729 1099 1785 οὐκ
1112 1726 1185 1806 έχον,
1195 1725 1265 1785 ἀλλά
1279 1727 1395 1787 κάτωθεν
1407 1729 1570 1811 ὑπότροχον.)
1585 1732 1705 1814 στράτιον
1716 1735 1743 1793 δέ

92 1835 115 1873 ιε
130 1810 209 1883 δίκην
221 1810 376 1878 δικάσαντες
389 1811 413 1869 οἱ
427 1811 551 1870 δικασταί
562 1820 670 1892 παρεῖεν
682 1814 728 1871 καλ
746 1813 917 1896 ἐπιτρέψειεν.
961 1814 992 1873 τδ
1003 1816 1040 1881 εἰς
1053 1812 1167 1882 πολλοὺς
1180 1812 1247 1895 [τῶν
1262 1815 1490 1898 στρατευομένων]
1505 1820 1603 1890 διῆκον.
1619 1823 1742 1901 (ἐχρῶντο
1758 1841 1781 1879 ιι

170 1898 223 1957 κάν
236 1898 274 1975 με)
289 1897 350 1979 εἰπη
365 1896 399 1957 τά
411 1898 566 1980 δυεαστήρια
581 1920 588 1959 :
602 1891 665 1960 Οἷον
678 1900 773 1978 μηκέτι
787 1901 857 1982 ἐχειν
872 1900 921 1974 τήν
961 1899 1012 1982 γάρ
1024 1901 1070 1960 καί
1082 1901 1189 1982 κήρυξιν
1201 1905 1228 1961 ἐν
1240 1910 1294 1969 τοῖς
1304 1903 1521 1984 στρατεύμασιν.)

130 1986 252 2055 ἐξουσίαν
264 1984 354 2045 ἄδικον
363 1990 486 2059 ποιῆσαι,
499 1986 558 2045 ἀλλ’
572 1986 644 2055 ἅπαξ
654 1994 773 2069 κριθῆναι
787 1987 852 2070 ύπέρ
862 1986 920 2047 τού·
1002 1988 1111 2056 κλίναςι
1129 1988 1295 2057 Ἀνακλιθείς.
1319 2002 1384 2049 νισι.

118 2090 195 2147 των,
222 2072 270 2132 καὶ
289 2072 328 2151 μὴ
344 2072 464 2151 γενέσθαι
485 2073 663 2155 ύπερύολιμύν
684 2099 736 2134 τινε
759 2074 921 2147 ποιήσασθαι
1002 2096 1051 2136 ιιι.
1075 2075 1153 2157 (άπερ
1166 2080 1181 2134 δ
1193 2080 1260 2144 Leuc
1272 2097 1279 2136 t
1292 2077 1322 2137 ‘A
1334 2079 1427 2159 τῷΔιί
1441 2078 1547 2139 εἰώθασι
1560 2081 1663 2160 λέγειν.)

129 2163 174 2220 ἐπὶ
188 2164 243 2220 τῶν
257 2164 369 2240 γνωμῶν
383 2161 495 2221 καὶτῶν
513 2162 705 2243 ψηφισμάτων,
721 2162 789 2222 ἀλλὰ
805 2164 835 2223 τὸ
850 2162 920 2232 ἀπαξ
1001 2184 1050 2223 οοε.
1073 2162 1132 2241 (κάν
1147 2165 1294 2245 ἀστράψωι
1310 2164 1473 2227 Φύύονκαέ
1485 2168 1569 2249 ἀρχὴν
1582 2163 1741 2239 δείξω.ποπ-

90 2278 116 2317 ¹⁰
128 2248 220 2327 κριθὲν
233 2248 323 2329 κύριον
336 2240 423 2327 εἶναι.)
961 2250 1085 2321 πύζουσιν
1097 2273 1104 2311 :
1120 2250 1199 2319 Ἐθος
1215 2252 1266 2332 γάρ
1277 2253 1334 2320 ταῖς
1345 2257 1492 2336 ἀστραπαῖς
1502 2257 1656 2326 ποππύζειν.
1668 2260 1743 2341 παρά
1756 2282 1782 2322 ιο

169 2359 222 2399 εοε.
245 2338 352 2415 (αύτύςῐ
367 2338 436 2399 Κατ’
450 2336 542 2418 ἐξοχὴν
552 2338 582 2397 τδ
592 2338 675 2405 αὐτός.
687 2338 881 2421 κεκραξιδάμας
893 2340 920 2399 δέ
962 2334 989 2395 δέ
1011 2336 1045 2396 τά
1060 2336 1168 2397 εἰωθότα
1190 2337 1311 2421 λέγεσθαι
1326 2340 1376 2401 ὑπὸ
1396 2346 1448 2400 τῶν
1467 2345 1610 2417 ἀνθούντων
1631 2347 1676 2404 ἐπί
1697 2355 1742 2408 τοῦ

129 2430 189 2498 ύτῆ
209 2430 258 2505 βοῇ
273 2425 417 2503 δαμάζων.)
961 2424 1170 2506 ύπερύάλλοντος
1183 2425 1264 2507 φύύου
1280 2427 1364 2505 λέγει,
1379 2428 1422 2490 ὅτε
1434 2430 1592 2510 βρονταλκαί
1607 2437 1741 2513 ἀστραπαὶ

170 2494 222 2574 έοο.
257 2513 406 2595 (Εὐφημίου
433 2533 440 2572 :
468 2511 533 2573 Ὅτι
554 2514 690 2627 Εὐρήμιος
719 2519 770 2575 τῶν
789 2516 855 2595 ἀγαν
878 2516 921 2573 ἐπὶ
961 2512 1091 2590 γίνονται,
1105 2514 1230 2592 παίζοιεν.)
1666 2503 1670 2513 ’
1767 2546 1772 2558 ·

129 2601 260 2684 κολακεία
271 2600 487 2678 διαύαλλομένων
498 2600 578 2673 ἐστίν,
589 2628 611 2682 ῳ
622 2602 769 2682 παρείκασι
782 2603 827 2662 τὸν
841 2603 920 2665 Θέω-
1000 2620 1049 2659 σοι.
1071 2600 1129 2659 ἀντί
1142 2606 1188 2659 τοῦ
1199 2604 1297 2670 καλῶς.
1312 2615 1341 2660 V.

92 2714 116 2751 τε
131 2714 174 2772 ρον
188 2690 233 2748 διὰ
247 2688 390 2749 κολακείαν
410 2687 444 2746 τά
462 2688 621 2766 ὑποδήματα
639 2695 691 2748 τῶν
709 2692 839 2750 δικαστῶν
851 2694 919 2749 ἀπο·
1000 2708 1052 2748 τοι,
1074 2690 1135 2747 ἀλλ’
1149 2689 1249 2769 ἐρήμας
1262 2711 1270 2751 :
1287 2690 1437 2771 Παροιμία,
1451 2692 1513 2769 (οὐκ
1527 2692 1627 2774 ἐρήμης
1641 2696 1738 2775 τρυγή-
1755 2724 1780 2759 -25

129 2782 222 2859 ψῶντα
244 2776 292 2836 καί
310 2774 458 2856 ἀλείφοντα.
474 2780 603 2851 μετῆκται
619 2777 646 2835 δέ
665 2778 717 2837 ἀπδ
730 2781 783 2837 τῶν
797 2778 918 2856 ἀγγείων.
962 2779 1037 2854 σεις,)
1051 2776 1157 2836 ἐπὶτῶν
1172 2779 1253 2846 ἀδεῶς
1265 2802 1291 2837 τι
1301 2778 1479 2861 πραττόντων,
1491 2782 1526 2846 ύις
1538 2782 1647 2858 μηδενὸς
1657 2784 1743 2848 αὐτοῖς

130 2864 227 2947 κυρίοις
239 2863 292 2946 γδιρ
300 2863 480 2945 περικωνῆσαί
491 2865 547 2922 ἐστι
560 2863 591 2923 τὸ
602 2869 735 2924 πισσῶσαι
748 2864 782 2924 τά
796 2866 918 2947 κεράμια.
962 2864 1193 2945 ἀντιπράττοντος,
1209 2866 1311 2947 ἐρήμας
1324 2866 1473 2946 τρυγήσειν.
1495 2864 1560 2943 (ἔστι
1575 2865 1602 2925 δέ
1617 2868 1671 2926 ἀπὸ
1688 2874 1740 2928 τῶν

169 2976 221 3014 ευο.
244 2961 404 3035 περικωνεῖτ
419 2952 516 3034 Κύκλῳ
530 2956 639 3035 περείρδ).
659 2966 721 3013 Γισί.
961 2948 1007 3017 τάς
1022 2950 1156 3029 ἀμπέλους
1170 2953 1316 3038 τηρούντων
1330 2952 1525 3035 ἀφροντίστως.)

169 3064 221 3104 σοι.
245 3042 368 3119 ἔμπλησο
383 3060 390 3101 :
408 3040 562 3123 Κορέοθητι.
584 3052 647 3101 Vici.
1001 3058 1050 3099 οοε.
1075 3039 1180 3116 (καλῶς
1197 3038 1248 3122 γδρ
1268 3041 1365 3122 ήδεινε
1388 3040 1436 3101 Ἐν
1451 3037 1577 3120 εἰρωνεία.
1595 3042 1742 3103 τούναντίον

92 3162 117 3199 οη
169 3151 222 3191 σοι.
245 3129 367 3213 πρωκτὸς
380 3130 489 3211 λουτροῦ
504 3127 568 3187 :inl
579 3133 631 3189 τῶν
647 3132 808 3209 βιαζομένων
822 3134 857 3198 εἰς
871 3154 920 3188 κα-
961 3124 1012 3207 γάρ
1023 3128 1349 3209 παραδηλοῑ,πειθόμενος
1360 3126 1442 3195 οὕτως
1453 3125 1622 3187 πιθανώτατα
1633 3127 1741 3207 ἔμελλον
1756 3158 1782 3195 ην

130 3220 177 3277 κδν
189 3219 291 3286 αὐτοῖς.
313 3216 359 3276 καί
378 3214 508 3297 παροιμία
524 3216 567 3275 ἐπὶ
583 3220 635 3275 τῶν
654 3218 692 3293 μή
713 3217 864 3295 δυναμένων
881 3217 919 3274 νί-
961 3216 1039 3295 ἐρεῖν.

130 3311 234 3386 ψασθσι
244 3310 293 3377 τῆς
314 3303 414 3371 κοιλίας
426 3302 570 3385 φερομένης
584 3307 706 3385 συνεχῶς.
719 3316 746 3363 R.
767 3307 921 3385 (παροιμια-
1001 3301 1085 3381 ταύτῃ
1099 3301 1236 3385 κράτιστος
1252 3323 1260 3363 :
1281 3306 1330 3383 Τῷ
1346 3304 1418 3384 αὐτῷ
1429 3302 1518 3384 τρόπῳ
1533 3305 1559 3360 έν
1575 3305 1613 3384 τῷ
1625 3304 1742 3384 δημηγο-

130 3396 176 3453 κδν
188 3398 270 3453 τοῦτο
283 3391 328 3450 ε’πί
347 3396 400 3451 τῶν
418 3391 462 3450 ἐπὶ
483 3396 557 3471 κακῷ
571 3394 609 3473 τῷ
626 3394 725 3450 ἑαυτῶν
748 3390 887 3451 νικώντοιν.
902 3390 920 3462 ἢ
961 3393 1056 3469 γορεῖν.
1067 3389 1127 3461 ήτοι
1138 3388 1221 3466 ταύτῃ
1233 3394 1267 3470 τῇ
1278 3390 1386 3468 γνώμη,
1399 3389 1439 3449 ότι
1453 3397 1499 3450 τοῦ
1511 3389 1623 3457 δικάζειν
1639 3390 1742 3470 βέλτιόν

131 3482 174 3544 ἐπὶ
191 3485 250 3539 τῶν
260 3481 302 3539 ἀεὶ
314 3478 497 3557 μολυνομένων
509 3479 555 3538 καὶ
569 3478 729 3559 βιαζομένων
739 3479 918 3562 καθαίρεσθαι.
961 3478 1018 3535 ἐστι
1029 3476 1059 3536 τδ
1072 3476 1144 3537 ἐνδον
1153 3476 1315 3546 καθέζεσθαι.
1327 3477 1407 3549 ήάπδ
1417 3486 1565 3561 μεταφορᾶς
1576 3480 1627 3534 τῶν
1637 3485 1741 3539 πυκτῶν

95 3570 206 3652 ιτδγάρ
219 3568 343 3651 πρωκτὸς
356 3567 514 3645 πλυνόμενος
524 3567 685 3649 περιγίνεται
695 3571 742 3639 τῆς
752 3567 920 3649 καθάρσεως,
961 3567 1013 3623 τῶν
1029 3563 1099 3623 κατά
1111 3563 1159 3636 τήν
1173 3563 1263 3647 ἐτέραν
1274 3568 1351 3645 χεῖρα
1363 3564 1413 3636 την
1426 3564 1535 3643 δύναμιν
1547 3561 1687 3644 ἐχόντων.)
1752 3594 1778 3630 ν,

131 3659 177 3717 καί
193 3656 235 3717 ἔτι
249 3656 390 3735 μολύνεται
401 3656 447 3714 καὶ
460 3657 560 3735 μᾶλλον
572 3659 599 3715 ἐν
612 3658 646 3735 τῇ
659 3652 731 3737 ῥύσει
742 3660 789 3727 τῆς
800 3654 919 3735 γαστρός.
1001 3672 1050 3712 ονε.
1071 3655 1122 3730 (ύις
1138 3652 1165 3711 δέ
1182 3653 1260 3711 πάντ’
1278 3654 1435 3725 ἐπελήλυθεν
1454 3674 1461 3713 :
1477 3652 1616 3730 Θαυμάζει
1634 3656 1647 3710 ὁ
1665 3658 1740 3737 χορὸς

132 3746 238 3827 εἴρηται
256 3742 284 3803 δέ
301 3742 354 3803 ἀπὸ
374 3746 426 3801 τῶν
443 3742 490 3813 τὴν
509 3741 624 3828 γαστέρα
645 3740 789 3823 φερομένην
807 3741 920 3822 ἐχόντων
961 3744 1006 3798 τοῦ
1019 3739 1202 3807 Φιλοκλέωνος
1212 3739 1261 3812 τήν
1272 3740 1463 3815 κατάστασιν.)

132 3835 213 3893 καὶέν
227 3835 269 3914 τῷ
281 3830 457 3891 ἀπολούεσθαι
466 3828 616 3907 νικωμένων
627 3834 659 3909 τῇ
673 3838 749 3913 φορά).
811 3826 919 3898 Ἄλλως.
1001 3848 1050 3888 σου.
1074 3828 1202 3905 (δικάζειν
1219 3848 1226 3887 :
1244 3826 1309 3890 Δέον
1320 3830 1403 3886 εἰπεῖν
1415 3828 1503 3898 οἰκεῖν,
1516 3826 1628 3900 δικάζειν
1639 3829 1666 3887 δέ
1678 3829 1742 3914 ἐρα-

133 3919 282 4004 Εύφρόνιος
298 3916 355 3997 μέν,
372 3922 408 3985 ύις
425 3923 472 3990 ιη”ς
486 3916 583 3984 εἰκόνος
601 3919 680 3976 αὐτοῦ
699 3916 814 3993 ματαίας
826 3915 919 3994 ούσης,
962 3939 1010 3975 σαν
1023 3920 1058 3983 ώς
1072 3914 1226 3997 φιλόδικοι.)
1639 3913 1642 3919 ’
1709 3913 1711 3918 ’
1735 3914 1738 3918 ’

95 4032 121 4071 ιο
133 4008 172 4068 ότι
187 4007 313 4088 ματαίων
327 4008 473 4083 ἐπιθυμεῖς.
487 4004 593 4086 καίγάρ
604 4004 634 4063 τὸ
645 4003 723 4085 μέρος
735 4007 817 4064 ἐκεῖνο
827 4004 920 4063 πλυνό-
1002 4004 1114 4073 δικάζειν
1125 4024 1133 4064 :
1145 4004 1213 4065 Ἀντί
1227 4010 1272 4063 τοῦ
1286 4006 1378 4075 εἰπεῖν,
1392 4005 1481 4062 οἰκεῖν.
1500 4014 1562 4061 Vict·
1755 4034 1785 4070 ⁴⁰

134 4121 213 4173 μενον
229 4096 269 4155 ἐτι
282 4094 433 4173 μολύνεται.
448 4092 646 4175 Καλλίστρατος
656 4092 683 4152 δέ
693 4115 766 4173 φησι·
775 4090 919 4174 παροιμία,
1001 4111 1051 4152 ιιι.
1067 4092 1233 4172 σκορδινᾶται
1246 4110 1253 4151 :
1270 4090 1461 4171 Σκορδινδίσθαι
1474 4090 1546 4148 ἐστίν
1559 4090 1574 4149 δ
1588 4098 1704 4155 ποιοῦσιν
1718 4098 1749 4150 οἰ,

134 4183 258 4267 πρωκτὸς
275 4186 385 4262 λυπροῦ
406 4180 543 4263 περιγένῃ,
567 4179 611 4239 ἐπὶ
632 4184 684 4239 τῶν
704 4178 864 4259 βιαζομένων
884 4183 920 4247 εἷς
962 4180 989 4248 ἐξ
1002 4180 1084 4239 ὕπνου
1101 4178 1282 4255 ἀνιστάμενοι,
1298 4177 1357 4255 (καί
1369 4176 1436 4255 μετὰ
1447 4178 1554 4256 χάσμης
1567 4176 1602 4237 τά
1614 4179 1681 4258 μέλη
1695 4182 1740 4240 ἐκ·

135 4271 217 4331 κακὸν
232 4268 348 4336 ἑαυτούς.
359 4272 394 4336 ῶς
406 4268 431 4327 εί
443 4293 479 4337 τις
496 4268 610 4348 βιάζοιτο
622 4267 659 4345 μὴ
677 4265 892 4345 ἀποπλύνεσθαι.)
961 4266 1092 4336 τείνοντες.
1105 4268 1184 4347 φησίν
1194 4258 1239 4327 ούν
1252 4264 1293 4326 δτι
1305 4274 1443 4346 χασμαται
1461 4265 1506 4323 καί
1520 4265 1681 4326 διατείνεται-
1692 4268 1742 4328 ύπδ

172 4380 226 4421 εοο.
250 4358 322 4437 (ὅταν
335 4356 419 4417 οἴκαδ’
431 4356 464 4417 ἴω
479 4378 485 4415 :
501 4354 566 4415 Ὀτι
583 4354 687 4415 παλαιά
704 4360 721 4427 ἡ
737 4354 780 4415 διά
791 4359 920 4434 γυναικῶν
961 4360 1009 4427 τῆς
1022 4355 1158 4433 ἀθυμίας.)
1172 4387 1206 4397 -
1217 4358 1265 4413 ούκ
1276 4354 1332 4437 ἔχει
1343 4352 1441 4417 ἐαυτόν.
1457 4364 1487 4411 V.

99 4468 123 4507 ιι
136 4434 267 4528 τημελία,
277 4445 324 4506 καί
336 4444 417 4512 ούτυις
427 4443 570 4521 ἐτηυελουν
581 4442 639 4511 τοὺς
651 4444 766 4525 πατέρας
775 4443 821 4502 καί
832 4444 921 4524 γέρον·
1001 4463 1050 4503 σιτ.
1067 4441 1150 4514 σκύτη
1173 4443 1278 4522 βλέπειν
1299 4464 1306 4504 :
1325 4439 1369 4502 Ὅ.
1378 4443 1436 4499 ἐστι
1449 4440 1554 4519 πληγάς
1568 4465 1607 4500 σοι
1621 4443 1739 4519 έμδαλῶ.
1755 4469 1779 4504 ιτ

136 4560 197 4608 τας,
210 4534 281 4595 ὥστε
295 4532 363 4611 μετά
376 4532 406 4591 τδ
419 4532 492 4613 νίψαι
506 4530 622 4613 ἀλείφειν
635 4529 693 4598 τοὺς
709 4529 800 4597 πόδας.
816 4530 920 4612 Εὐφρό-
962 4568 996 4578 -
1007 4530 1054 4589 καὶ
1066 4536 1143 4591 ταῶτο
1158 4554 1221 4612 φασι
1234 4552 1345 4609 παροιμ.
1360 4529 1404 4588 ἐπὶ
1420 4532 1472 4586 τῶν
1487 4528 1639 4607 ἐγγιζόντων
1652 4535 1738 4597 κακῶς

135 4648 187 4691 νιος
203 4624 234 4682 δέ
251 4621 299 4683 καί
316 4620 377 4691 τοὺς
389 4622 452 4701 παρ’
475 4618 589 4700 Ὁμήρῳ
606 4616 731 4699 λιπαροὺς
744 4617 825 4685 πόδας
839 4616 920 4685 ούτως
961 4640 1021 4681 τινι.
1043 4628 1072 4676 n.
1093 4616 1235 4697 (παροιμία
1257 4616 1285 4674 δέ
1307 4616 1411 4694 ἐλέγετο
1433 4616 1550 4673 ἐπὶτῶν
1578 4616 1739 4675 δειλιώντων.

135 4710 291 4771 ἀποδιδόναι
301 4708 372 4775 τινάς
386 4710 470 4790 φησι.)
961 4704 1069 4773 Ἄλλως.
1092 4704 1222 4782 μέμνηται
1240 4708 1286 4775 τῆς
1304 4700 1446 4784 παροιμίας
1467 4701 1581 4769 Εὔπολις
1599 4706 1626 4760 ἐν
1644 4707 1743 4784 Χρυσῷ

175 4796 306 4869 εἰσήκονθ’
322 4818 330 4858 :
345 4794 505 4875 Προστάντα.
527 4806 587 4853 νισι,
962 4792 1039 4871 γένει.
1051 4792 1115 4873 φησί
1125 4791 1176 4872 γάρ

99 4904 124 4943 ιο
176 4906 226 4946 εον.
249 4886 448 4963 (ἐκκαλαμᾶται
459 4904 466 4943 :
479 4882 611 4963 Ἀποσπᾷ,
622 4882 674 4940 ἀπὸ
681 4885 733 4940 τῶν
745 4880 787 4940 διδ
798 4882 920 4960 καλάμου

137 4973 196 5041 τούς
206 4970 299 5053 ἰχθύας
313 4971 494 5053 ἀγρευόντων.)

177 5060 370 5129 παππάζουσ’τ
386 5057 515 5119 Παππίαν
530 5060 656 5121 καλοῦσα.
677 5068 738 5115 νισι.
780 5126 783 5133 Ι
962 5054 1065 5137 εἰρηται
1081 5053 1109 5112 δέ
1123 5053 1166 5111 ἐπί
1179 5055 1231 5111 τῶν
1245 5054 1440 5133 ὑποβιαστικῶς
1454 5050 1623 5129 διακειμένων
1635 5051 1699 5134 πρὸς
1709 5051 1742 5108 τά

176 5170 227 5208 οιυ.
250 5144 363 5230 (φυστὴν
384 5152 469 5224 μᾶζαν
490 5166 498 5205 :
519 5143 614 5217 Φυστλ
637 5148 741 5221 μᾶζαή
764 5142 790 5211 ἐξ
804 5140 933 5225 ἀλφίτων
963 5140 1091 5221 μέλλοντα
1107 5138 1186 5198 κακά.
1202 5139 1320 5198 πεπάναι
1337 5137 1364 5197 δέ
1384 5137 1515 5215 μαλάξαι,
1529 5141 1722 5218 ὑποχαλάσαι.)

139 5236 185 5295 καὶ
195 5238 275 5296 οἴνου.
289 5234 414 5303 ὀξυτόνως
426 5233 469 5307 δέ,
484 5231 519 5300 ῶς
532 5255 609 5313 φησιν
622 5228 810 5320 ἸΙριοιδιανόξ.)’
1002 5250 1051 5288 ειν.
1075 5228 1112 5306 μὴ
1138 5227 1202 5307 πρὸς
1226 5228 1289 5303 ἐμοῦ
1308 5226 1409 5305 λε’γοντι
1434 5248 1440 5285 :
1465 5226 1533 5285 ἰἰυτί
1550 5233 1595 5285 τοῦ
1617 5226 1654 5303 μὴ
1676 5224 1742 5309 ὑπὲρ

1051 4929 1204 4995 ἀηχνιῐςςμὲν
1216 4926 1292 4983 οὖντὸ
1304 4928 1617 4992 λεγόμενον,σκύτηβλέπει-
1755 4952 1782 4996 το
