4100 6109
296 456 351 496 ιιιι
423 490 428 501 ,
936 496 939 505 ,
991 426 1186 489 anessae

297 566 402 643 quibus
420 560 452 621 rh
468 562 642 639 ὑπομνήματα
659 561 702 617 vel
720 558 774 618 ύννα
792 562 843 616 τῶν
861 554 1057 636 ύπομνημύτων
1101 552 1181 612 δασύ·
1194 555 1218 612 cl
1232 550 1261 610 il
1271 552 1378 633 κρήνην·
1392 554 1588 637 Καλλίστρατος
1604 554 1733 639 δύύγμιον
1747 560 1863 640 λάχανον

296 656 420 711 citantur
434 670 553 728 usquam
563 647 726 725 Symmachi
741 666 845 705 nomen
860 647 1057 724 prescriptum
1097 639 1193 720 ,τραχύ
1209 640 1351 722 &aaut
1365 638 1395 701 ll
1409 639 1443 701 sl
1458 640 1598 717 ἀκανθύδη
1610 648 1664 705 νῦν
1679 645 1787 726 ἐχίνων·
1806 649 1861 707 nisi

297 741 467 817 reperiatur,
481 750 591 796 tantum
612 733 694 793 abest
710 747 741 791 nt
759 732 790 791 rb
805 732 948 811 ὑπόμνημα
964 733 1008 790 rel
1024 731 1057 790 τὰ
1100 728 1136 785 ad
1147 729 1293 789 cratinum
1307 730 1416 789 referre
1431 730 1560 809 placeat,
1575 731 1604 789 ia
1621 754 1681 812 quo
1691 736 1862 811 explicando

296 824 472 905 ὑπομνήματα
486 826 521 883 ad
542 822 745 900 Symmachum
765 824 799 881 iis
816 821 922 900 quibus
938 822 1057 881 Schnei-
1100 819 1291 878 Callistratum
1307 822 1414 897 pariter
1426 833 1514 897 atque
1528 824 1731 901 Euphronium
1742 845 1861 903 operam

296 914 383 973 derus
399 913 492 971 voluit
506 910 598 969 modis
618 923 680 968 tuto
694 909 793 967 relerri
809 910 911 986 possit,
926 921 957 966 ut
972 909 1057 987 longe
1100 906 1231 984 posuisse
1243 927 1280 966 ex
1294 906 1436 967 Atheneo
1455 908 1590 967 discimus
1607 905 1654 985 ιι,
1669 931 1698 990 p.
1716 914 1784 988 495,
1799 920 1863 973 Aet

296 1003 404 1079 majore
417 1020 481 1059 cum
495 1000 591 1077 speeie
604 998 666 1056 veri
685 996 860 1055 contendere
876 998 958 1054 liceat
971 996 1057 1053 scho-
1100 996 1123 1051 c
1139 992 1190 1071 (ι).
1205 991 1341 1051 Similiter
1356 1005 1469 1063 autern,
1483 1007 1516 1051 ut
1535 994 1614 1071 apud
1633 996 1783 1071 Photium,
1796 1000 1863 1057 cal-

296 1091 398 1146 liorum
425 1106 489 1166 qaae
515 1096 670 1163 supersunt
698 1083 868 1160 farraginem
888 1083 991 1163 partica
1021 1102 1056 1141 ex
1100 1079 1203 1138 listrati
1231 1090 1261 1135 et
1283 1080 1445 1158 Euphronii
1471 1081 1620 1138 sententiae
1642 1081 1698 1141 sibi
1720 1085 1863 1162 oppositae

295 1176 393 1232 Plraini
409 1188 438 1233 et
453 1171 627 1251 Symmachi,
649 1172 751 1249 partim
767 1191 801 1229 cx
812 1171 874 1228 aliis
885 1169 1056 1248 quibasdam
1100 1180 1297 1225 memorantur
1307 1167 1337 1225 iu
1351 1167 1441 1226 schol.
1459 1168 1603 1245 Aristoph.
1617 1172 1703 1247 Vesp.
1715 1171 1784 1242 604,
1793 1172 1863 1244 6⁰6,

295 1264 471 1321 scholiorum
502 1258 720 1318 collectionibus
754 1278 815 1315 esse
843 1259 1056 1334 compositam,
1100 1263 1155 1315 Αν.
1177 1257 1341 1331 933,997,
1367 1256 1639 1332 1377,Symmaehi
1661 1270 1690 1315 et
1706 1258 1862 1319 callistrati

294 1352 371 1407 inter
380 1368 451 1425 quas
461 1348 485 1407 si
497 1347 643 1405 nonnullae
653 1346 769 1403 leserunt
779 1356 928 1403 auctorum
938 1363 1056 1401 suorum
1101 1349 1153 1401 Αν.
1165 1351 1234 1414 440,
1254 1338 1382 1417 ejusdem
1396 1363 1467 1401 vero
1481 1344 1631 1401 sententiae
1650 1359 1783 1405 auctores
1795 1348 1863 1407 cal-

294 1437 459 1495 nominibus
471 1456 527 1493 non
543 1434 703 1511 inscriptae,
721 1433 854 1510 prolecto
872 1451 930 1489 non
948 1432 1057 1489 miran-
1100 1430 1226 1488 listratus
1238 1442 1267 1486 rt
1280 1430 1466 1509 Euphronius
1478 1430 1668 1508 perhibentur
1678 1434 1708 1492 in
1720 1435 1811 1493 schol.
1825 1436 1862 1493 ad

296 1527 366 1583 dnm
384 1536 427 1582 cst
445 1522 567 1599 simplici
587 1518 771 1598 ύπομνήματος
784 1508 916 1596 nomine,
935 1516 986 1576 ubi
1001 1537 1057 1575 una
1100 1518 1174 1576 Pluti
1190 1538 1216 1573 ν.
1234 1517 1299 1575 385.
1321 1517 1435 1589 Quibus
1452 1519 1482 1575 in
1500 1519 1571 1577 locis
1585 1519 1751 1597 ambiguum
1769 1524 1861 1581 rideri

293 1606 684 1689 aliqna,velbnoprqpairur,
702 1604 751 1663 ubi
765 1606 861 1683 plnres
876 1603 1057 1683 designandae
1100 1620 1195 1683 potest
1228 1619 1322 1663 utrum
1351 1607 1521 1665 sententiam
1548 1607 1724 1681 callistrati,
1751 1612 1862 1687 antiqui

293 1712 390 1775 erant,
406 1700 434 1755 in
448 1696 562 1755 scholiis
582 1694 686 1753 nostris
699 1714 759 1751 esse
769 1694 943 1770 appellatas,
956 1712 1056 1770 qnem-
1099 1694 1277 1771 grammatici
1295 1692 1496 1763 Alexandrini,
1516 1694 1567 1771 qni
1587 1708 1703 1753 centum
1726 1708 1757 1754 et
1776 1698 1864 1774 qain-

294 1787 450 1845 admodum
484 1784 514 1841 in
550 1783 667 1841 scholiis
702 1782 871 1858 Sophocleis
909 1780 1056 1840 interdum
1099 1783 1238 1857 ‹ysrarginta
1260 1782 1384 1858 amplius
1416 1794 1484 1839 ante
1510 1800 1595 1839 aeram
1621 1794 1751 1840 nostram
1782 1787 1864 1844 annis

235 1924 240 1933 .
292 1873 409 1949 Didymi
420 1874 577 1931 aliorumve
588 1871 777 1946 interpretum
788 1869 904 1926 nonrina
914 1871 1055 1945 apposita,
1101 1871 1183 1939 vixit,
1196 1888 1231 1925 ex
1247 1869 1337 1945 ipsius
1354 1870 1561 1927 commentario
1572 1872 1763 1947 cognoverint
1775 1873 1864 1930 scho-

292 1962 445 2037 aliquoties
465 1970 560 2017 antem
583 1955 612 2014 τὸ
628 1954 772 2032 ὑπόμνημα
789 1954 836 2033 (ad
855 1955 950 2031 Aritig.
973 1956 1056 2025 1326,
1099 1956 1189 2013 liastae
1216 1956 1324 2028 nostri,
1346 1976 1381 2013 an
1406 1976 1442 2013 ex
1470 1956 1632 2035 Euphronii
1660 1960 1864 2033 Symmachive

293 2048 396 2106 Electr.
419 2048 491 2117 aar,
515 2044 600 2121 488),
618 2045 661 2102 vel
680 2040 738 2107 τοὺς
760 2041 1057 2120 ὑπομνηματισαμένους
1098 2044 1240 2119 excerptis
1251 2042 1457 2118 repetiverint,
1472 2042 1551 2119 quod
1563 2042 1635 2100 mihi
1646 2044 1740 2103 minus
1752 2044 1862 2123 proba·

295 2136 340 2212 (ad
365 2134 471 2212 OEdip.
486 2133 546 2193 col.
563 2132 636 2201 388,
659 2134 733 2204 390,
749 2129 818 2207 681)
835 2134 1056 2192 commemorari
1100 2129 1158 2188 bile
1171 2130 1296 2191 ridetur.
1308 2134 1382 2190 Nam
1396 2130 1421 2188 si
1435 2130 1573 2190 Athenaeo
1584 2130 1737 2191 callistrati
1754 2134 1863 2211 scripta

292 2222 429 2281 ridemus.
446 2226 512 2279 Haec
527 2219 549 2277 si
561 2238 628 2276 vere
643 2217 869 2294 disputavimus,
882 2218 910 2275 in
927 2218 1056 2279 subscri·
1100 2219 1183 2295 plura
1209 2238 1334 2297 usupare
1356 2217 1456 2296 licuit,
1480 2239 1540 2277 non
1565 2232 1609 2277 est
1626 2241 1686 2282 cur
1702 2221 1864 2280 scboliastis

294 2308 442 2386 ptionibns
465 2307 570 2365 codicis
591 2305 689 2363 Veneti
711 2305 784 2361 nihil
802 2324 864 2361 esse
884 2306 1057 2384 intelligitur
1099 2306 1235 2365 Athenaeo
1260 2327 1318 2365 non
1347 2308 1439 2365 marlto
1465 2307 1675 2366 recentioribus
1707 2308 1862 2368 callistrati

292 2386 369 2473 qaod
387 2398 498 2453 nonsit
520 2394 676 2452 rectissime
697 2392 900 2467 verissimeque
917 2394 1035 2453 dictum.
1101 2395 1275 2453 scholiorum
1292 2395 1405 2473 copiam
1421 2394 1508 2452 inisse
1524 2414 1670 2472 negemus.
1689 2396 1808 2455 Accedit
1826 2397 1862 2454 ad

334 2490 377 2542 De
394 2496 476 2541 aetate
492 2502 549 2560 qua
564 2482 634 2538 vixit
650 2479 839 2555 Symmachus
860 2492 968 2539 tanturn
987 2502 1056 2540 con-
1100 2482 1161 2539 baec
1174 2483 1253 2559 quod
1267 2483 1400 2559 Didymi,
1416 2483 1467 2560 qni
1487 2482 1535 2540 vix
1549 2502 1608 2539 nno
1626 2483 1725 2542 seculo
1740 2484 1865 2541 inferior

293 2584 364 2641 stat,
382 2591 439 2627 non
461 2569 647 2628 recentiorem
677 2568 763 2624 luisse
783 2558 859 2626 AElio
880 2570 1055 2628 Herodiano.
1099 2570 1260 2629 Callistrato
1291 2571 1371 2644 luit,
1395 2570 1617 2628 commentarios
1640 2570 1678 2629 ab
1703 2571 1864 2630 scholiastis

292 2656 338 2715 Ab
360 2658 415 2716 hoc
436 2659 512 2715 enim
529 2656 605 2714 libro
621 2652 682 2735 περὶ
698 2652 824 2737 μονήμους
843 2653 934 2723 λέξεως
951 2676 981 2732 p.
1002 2660 1056 2734 39,
1099 2658 1362 2734 nostrisinspectos
1375 2677 1437 2715 esse
1451 2656 1563 2714 indiciis
1581 2656 1649 2713 satis
1660 2656 1743 2715 claris
1758 2676 1862 2732 cogno·

293 2747 347 2818 26,
362 2742 525 2821 Symmachi
538 2743 573 2801 de
587 2741 727 2800 vocabulo
741 2740 883 2821 κνέφαλλον
897 2743 977 2820 apud
991 2748 1057 2805 cra·
1099 2744 1199 2818 scitur,
1215 2744 1292 2801 velut
1303 2744 1332 2801 in
1342 2744 1452 2801 scholio
1466 2743 1502 2801 ad
1516 2742 1590 2801 Pluti
1603 2764 1628 2801 r.
1647 2762 1722 2801 toro
1733 2741 1864 2818 εΣύμμα-

295 2832 384 2889 tinum
399 2830 507 2889 notatio
534 2842 738 2888 memoratur:
761 2830 837 2887 unde
864 2830 1057 2907 probabiliter
1098 2828 1144 2908 χός
1161 2829 1419 2910 φησι-Δίδυμοςδύ
1435 2830 1685 2911 paors-,adhc
1700 2826 1864 2906 877ιΣύμ-

293 2917 437 2995 conjicere
457 2918 524 2975 licet
544 2916 660 2974 scholiis
675 2917 705 2973 in
725 2915 872 2973 cratinum
888 2916 1056 2993 colligendis
1100 2940 1185 2995 μαχος
1208 2917 1415 2999 τιμώρημα-ὁ
1440 2915 1468 2976 δύ
1489 2916 1652 2993 Δίδυμνς-.
1676 2920 1773 2975 1283:
1795 2914 1866 2975 alirn

293 3004 480 3083 excerpendis
490 3004 627 3083 augendis
641 3003 759 3061 eandem
771 3004 830 3061 fere
839 3022 957 3080 operam
968 3024 1069 3082 quam*
1100 3004 1266 3086 Σύμμαχος·
1285 3010 1299 3065 ὁ
1318 3006 1345 3065 hl
1364 3007 1477 3083 Δίδυμος
1498 3006 1627 3065 nardina
1644 3004 1689 3072 τὰς
1706 3005 1863 3087 βακτηρίας·

292 3092 522 3169 Aristophanicis
549 3092 586 3149 ab
608 3090 781 3168 Symmacho
802 3110 871 3161 esse,
887 3091 1073 3169 impensam.¹
1099 3094 1135 3152 ad
1152 3096 1246 3153 1363:
1265 3094 1426 3173 Σύμμαχος·
1445 3093 1595 3161 cataclita
1608 3092 1684 3151 αὐτὸν
1693 3114 1741 3138 -·
1751 3092 1865 3169 Δίδυμος

294 3185 432 3237 Praeterea
448 3180 637 3255 Symmachus
659 3180 763 3236 citatur
776 3177 806 3236 in
827 3178 933 3236 Lexico
955 3179 1057 3237 rheto-
1099 3182 1183 3242 δύ-.
1198 3181 1368 3259 cujusmodi
1387 3184 1465 3239 locos
1482 3180 1675 3241 Schneiderns
1694 3199 1722 3257 p.
1743 3182 1777 3235 61
1795 3200 1864 3237 sen-

294 3268 352 3324 Γῑῦθ
372 3269 402 3324 ln
421 3268 540 3325 Beklffl'l
560 3266 667 3325 Ant’cd·
682 3287 709 3344 P·
731 3274 797 3336 ²²4,
820 3282 853 3321 1²
872 3288 878 3321 ἓ
894 3264 984 3347 Βαῒύρ
999 3288 1007 3324 ²
1025 3266 1057 3325 tl
1100 3272 1195 3330 tentiae
1212 3270 1250 3328 ab
1269 3292 1300 3328 se
1321 3270 1479 3347 propositae
1498 3289 1598 3326 caussa
1616 3270 1656 3326 ita
1679 3270 1863 3345 interpretari

293 3352 423 3433 ἅκροντοῧ
434 3356 485 3411 τῶν
496 3352 659 3411 πενταέθλων
673 3341 1055 3431 circumsedentum
1099 3372 1142 3417 est
1158 3370 1290 3432 coactus,
1313 3368 1345 3413 ut
1360 3354 1477 3432 Didymi
1495 3356 1704 3434 explicationes
1719 3344 1756 3410 ab
1778 3354 1864 3412 scho-

291 3438 321 3497 τὸ
335 3442 446 3521 πρῶτον.
466 3438 600 3506 Σέλευκος.
616 3440 761 3518 Σύμμαχος
776 3438 804 3497 δὲ
823 3438 853 3497 τὸ
868 3437 956 3516 μέσον,
969 3442 1013 3521 dp'
1027 3434 1057 3501 οὗ
1099 3447 1189 3504 liastis
1203 3465 1261 3502 non
1279 3465 1314 3501 ex
1326 3443 1418 3521 ipsius
1429 3443 1641 3502 commentariis
1652 3486 1661 3517 ,
1672 3440 1722 3499 sed
1735 3462 1772 3499 ex
1783 3446 1866 3517 Sym·

291 3526 413 3604 ἃλόμενον
424 3524 504 3584 πάλιν
521 3526 679 3595 ἐξάλλονται·
692 3524 796 3604 ἄμεινον
811 3529 846 3591 ὡς
858 3524 994 3593 Σέλευκος·
1012 3533 1057 3586 Dc
1100 3533 1193 3590 machi
1214 3532 1358 3607 excerptis
1374 3532 1472 3590 ailerri
1492 3531 1640 3604 crederet,
1658 3532 1725 3587 licet
1742 3530 1865 3587 scholia·

293 3615 383 3689 patria
393 3614 446 3671 viri
460 3615 531 3671 nihil
544 3627 724 3691 compertum
737 3613 964 3673 habemus.Nam
977 3616 1056 3692 qnod
1099 3635 1206 3678 starum
1241 3619 1328 3677 rerba
1353 3621 1526 3678 contrariam
1550 3620 1657 3699 potius
1691 3620 1865 3678 seutentiam

281 3701 512 3765 ‚Atheniensium
529 3702 616 3759 inisse
638 3714 736 3759 narrat
753 3701 947 3759 Schneiderns
961 3722 989 3779 p.
1008 3704 1056 3774 65,
1099 3707 1301 3765 commendare
1321 3703 1485 3766 videantur.

294 3790 396 3848 villosa
423 3788 563 3867 deceptus
592 3802 635 3847 ⁰81
658 3790 761 3847 'Scholll
786 3789 823 3846 ”d
842 3789 969 3847 Acham-
1001 3792 1055 3857 ²45
1139 3800 1202 3854 Jam
1225 3796 1248 3852 si
1273 3797 1367 3853 ursinis
1390 3794 1475 3870 hujus
1495 3794 1700 3871 disputationis
1722 3813 1863 3851 suminam

292 3877 454 3953 scriptura,
473 3896 558 3953 quarn
574 3876 777 3934 Valckenarius
788 3877 944 3934 certissima
956 3896 1057 3935 emen·
1100 3884 1278 3960 repetimus,
1299 3905 1356 3940 non
1381 3884 1442 3941 sine
1469 3882 1582 3941 idoneis
1606 3880 1766 3940 rationibus
1791 3902 1863 3938 con-

292 3964 410 4022 dationc
428 3965 680 4041 personavitNon
698 3965 793 4021 miuus
810 3962 934 4025 obscura
955 3966 1055 4023 Phaiui
1101 3971 1219 4028 tendere
1239 3990 1324 4048 posse
1338 3971 1481 4041 videmur,
1502 3970 1680 4027 scholiorum
1696 3982 1862 4027 nostrornm

292 4053 428 4109 memoria
451 4064 508 4121 est,
527 4072 612 4129 quem
633 4052 771 4128 aequalem
787 4052 950 4126 Symmachi
968 4053 1056 4111 inisse
1100 4058 1585 4137 compositoresantiquissimorum
1606 4054 1797 4133 interpretum
1810 4077 1863 4114 an-

293 4160 349 4197 non
359 4138 588 4217 improbabiliter
598 4138 702 4215 conjici
713 4158 795 4215 posse
805 4139 925 4197 ridetur.
936 4141 1056 4199 Duobus
1099 4149 1259 4205 notationes
1280 4149 1385 4227 partim
1408 4168 1442 4205 ex
1468 4147 1539 4225 ipsis
1562 4145 1692 4204 fontibus
1718 4145 1863 4213 hausisse,

292 4240 389 4286 autem
404 4228 449 4285 his
465 4226 673 4305 interpretibus
695 4226 810 4299 tertius,
824 4228 854 4286 ni
873 4226 965 4301 fallor,
977 4249 1057 4287 acce·
1101 4238 1204 4313 partim
1222 4256 1259 4293 ex
1275 4235 1393 4305 Phaini,
1412 4232 1594 4309 Symmachi,
1610 4233 1778 4311 Euphronis
1795 4234 1864 4290 alio

293 4316 362 4373 dere
382 4314 469 4372 debet
489 4312 618 4390 ejusdem
640 4311 824 4373 hauddubie
846 4326 876 4371 ct
898 4315 1009 4373 ordinis
1027 4329 1056 4374 et
1101 4344 1222 4401 rumque
1243 4322 1387 4399 excerptis
1410 4322 1541 4399 (ὸιλογαῖς
1561 4319 1769 4398 ὑπομνημάτων)
1789 4321 1864 4396 peti.

293 4402 382 4459 aetatis
397 4403 598 4478 grammaticus
613 4401 819 4478 Euphronius,
833 4403 882 4478 qni
901 4402 963 4479 ipse
977 4422 1055 4481 quo·
1100 4412 1193 4486 visse,
1208 4422 1280 4487 quot
1298 4422 1393 4467 autern
1419 4421 1448 4466 et
1469 4429 1542 4485 quas
1557 4408 1749 4483 antiquiorum
1774 4405 1863 4463 libros

293 4510 350 4566 que
379 4502 529 4567 excerptas
557 4510 591 4548 ex
622 4488 838 4566 antiquioribus
863 4490 1056 4567 grammaticis
1086 4499 1286 4557 'adhibuerint
1311 4497 1353 4557 rel
1380 4516 1437 4553 non
1461 4495 1666 4565 adhibuerint,
1688 4495 1716 4550 in
1741 4516 1772 4552 ca
1797 4514 1862 4571 qnae

293 4577 493 4637 anrrotationes
515 4578 574 4635 suis
596 4578 686 4655 ipsius
706 4577 797 4653 copiis
817 4590 913 4635 auctas
932 4597 1057 4655 compo-

294 4664 383 4721 suisse
394 4665 510 4722 ridetur
525 4684 631 4741 easque
642 4684 699 4723 non
715 4665 743 4721 in
761 4664 894 4722 undecim
910 4666 979 4722 solis
993 4685 1057 4742 quae
1131 4652 1167 4715 (t)
1182 4658 1217 4703 ¹²⁴¹
1230 4650 1457 4734 llfflmssul'llmflll
1472 4652 1498 4699 ⁵⁰
1512 4651 1619 4699 “³¹²³“oe
1632 4649 1814 4747 ,⁰2¹me
1822 4662 1863 4699 ⁰¹·

294 4751 379 4809 hodie
399 4764 553 4830 supersunt
574 4752 678 4810 fabulis
701 4764 843 4816 versatam
861 4771 926 4808 nam
940 4772 976 4809 ex
1001 4758 1057 4811 Eu·
1099 4724 1343 4853 ffilzffisstmlm
1353 4721 1599 4854 Ellmssfflffl’
1609 4725 1650 4840 ἒ,
1659 4724 1779 4846 Em
1788 4720 1862 4839 ,geg

269 4850 274 4859 '
293 4837 411 4913 phronii
436 4840 644 4897 commentario
661 4840 689 4895 in
714 4840 882 4916 Tageuistas
907 4840 1057 4898 manifeste
1100 4860 1166 4921 pesp
1176 4863 1217 4916 ra<
1230 4807 1518 4923 χιοόξαςᾬΐιιλῑηιι,
1530 4859 1560 4907 ta‘
1570 4858 1598 4908 sa
1610 4863 1626 4918 ,y
1640 4807 1716 4923 {lipia
1733 4859 1861 4923 stamen.

294 4938 431 5003 excerpta
443 4940 509 4984 sunt
520 4946 583 5004 qnae
596 4928 715 4985 Photius
727 4928 757 4984 in
772 4928 878 5005 Lexico
894 4948 924 5004 p.
942 4930 1007 5001 383,
1019 4948 1056 4984 aa
1100 4929 1214 4993 Φρύνιχος
1223 4927 1305 4991 Κόννῳ
1321 4931 1370 4979 «Τὶ
1380 4931 1418 4979 δαὶ
1432 4929 1472 4978 τὸν
1485 4929 1593 4993 litate&
1602 4946 1630 4992 3¹⁹
1648 4931 1674 4979 el
1688 4927 1790 4978 ¹⁰1¹⁸⁸⁸⁶
1806 4940 1862 4989 Dm

296 5010 333 5068 de
359 5012 514 5089 proverbio
536 5013 606 5093 1149,
629 5012 762 5095 ἕξόρωσον
790 5016 917 5075 ῑηάῑάὴ·
937 5022 980 5075 Ex
1002 5018 1057 5075 ,pa
1100 4996 1165 5059 apud
1179 4997 1253 5046 schol.
1271 4998 1369 5061 Dmnys.
1386 4999 1443 5049 Thr.
1461 4999 1487 5048 iu
1501 4998 1599 5048 seiheri
1615 4998 1745 5049 Aueadotis
1761 5012 1785 5060 p.
1805 5002 1860 5059 782,

295 5096 416 5158 fortasse
434 5101 633 5177 Aristophanis
650 5103 746 5161 sabula
770 5105 863 5181 glossa
877 5116 991 5181 sumpta
1014 5118 1058 5163 est
1100 5067 1452 5206 ἕωιῗῖτῗῗὸζῳῑτυξῖνρὲῗφὲ
1465 5068 1863 5204 lffilffiwfflml

296 5204 324 5261 p.
343 5186 403 5253 165,
423 5209 453 5245 ro
473 5189 631 5264 explicata,
652 5190 781 5249 Krhhriat:
800 5191 863 5273 πρὸς
877 5195 915 5272 τῷ
929 5190 1056 5270 Ὑμηττῷ
1100 5210 1183 5266 rtxssy.
1466 5194 1469 5199 ⁵
