4100 6109
340 468 394 520 Ιθο
609 518 612 525 ,
906 444 1098 505 8οΗοΗλ
1127 444 1166 502 ΙΝ
1193 444 1368 503 VESPAS.

375 610 425 649 οοσ.
448 587 487 666 (τδ
505 594 594 667 σκῖρον
613 581 764 653 ἐξεδήδοκεν
781 598 789 639 2
803 578 898 657 Σκῖρον
917 575 947 635 τὸ
963 576 1078 658 βατῶδες
1091 573 1122 633 τό
1166 602 1177 625 ι
1191 574 1280 651 μέντοι
1291 574 1419 646 Ἀθηναῖοι
1430 574 1510 635 αὑτοῦ
1516 574 1561 634 καῖ
1572 575 1660 653 γένους
1668 578 1808 659 ἀειφυγίαν
1816 580 1932 661 κατέγνω.
2007 609 2008 616 1

337 675 381 735 ε’πλ
392 678 444 735 τῶν
456 676 551 749 τυρῶν,
563 675 598 737 ὣς
612 668 729 735 Εὔπολις
743 669 841 746 Χρυσῷ
855 664 923 744 γένει
936 691 947 715 ι
963 662 1053 729 λοιπὸς
1066 660 1118 741 γδρ
1165 689 1177 711 α
1190 683 1249 734 σαν,
1259 661 1424 742 προδιδόντος
1432 661 1480 733 τὴν
1492 662 1625 742 Ἑλλάδα,
1634 665 1680 723 καῖ
1689 669 1768 727 αὐτοῦ
1778 672 1796 739 ἡ
1808 669 1931 743 οιίσίαέδη-

340 759 593 841 ιούδείς.τροραλίς
607 756 692 827 ἐκείνη
708 757 746 836 ἐρ’
761 752 831 833 ὓδωρ
847 751 946 831 βαδίζει
961 753 1119 830 σκῖρονήμ-
1165 778 1177 801 ι
1193 748 1311 828 μεθθη.»
1373 744 1483 817 Ἄλλως.
1496 751 1660 825 Θουκυδίδης
1673 756 1810 827 Μελησίου
1824 756 1877 824 υῖδς
1890 762 1932 821 [λε
2007 811 2008 818 ,

339 848 502 932 ιριεσμίνη.
521 874 533 900 ν
552 845 606 905 ἀπὸ
623 841 717 903 τούτου
737 842 782 901 καί
803 837 837 899 τδ
857 838 917 899 λίαν
935 836 1119 918 προσεχόμενα
1141 832 1144 899 ί
1165 839 1249 918 ρικλεῖ
1260 838 1543 917 ἀντιπολιτευσάμενος.
1553 838 1678 921 τέσσαρες
1689 841 1719 901 δέ
1729 846 1780 902 εἰσι
1788 846 1933 905 θουκυδίδαι
2007 875 2008 878 “

312 946 325 985 θ
338 940 522 1017 ἐνεσκιρῶσθαι
533 933 658 1011 λέγεται.)
1140 902 1145 988 ί
1165 924 1309 998 Ἀθηναῖοι,
1320 930 1335 983 δ
1345 925 1544 1007 ἱστοριογράφος
1550 928 1597 987 καί
1606 932 1621 987 δ
1630 929 1793 1009 Γαργήττιος
1801 933 1847 989 καῖ
1858 936 1952 998 δῦτε-ς
2007 1007 2008 1010 ¹

381 1027 450 1101 (ντσ).
472 1020 531 1097 ἐμοὶ
541 1020 569 1079 δέ
577 1022 601 1098 γ’
612 1021 659 1078 οὐκ
670 1016 724 1076 ἔστ’
737 1037 744 1076 :
755 1013 819 1076 Ὀτι
828 1014 932 1091 λέγεται
944 1011 990 1071 καλ
1000 1017 1036 1090 γῆ
1048 1034 1121 1090 σκιρ·
1164 1013 1242 1081 ταλδς
1255 1013 1302 1071 καῖ
1317 1005 1392 1081 οὑτος
1406 1014 1492 1096 ῥήτωρ
1508 1015 1613 1095 ἀριστος
1628 1018 1776 1097 τυγχάνων,
1791 1016 1819 1085 δς
1832 1043 1934 1099 mm

340 1109 399 1192 ράς,
409 1108 490 1179 λευκή
502 1131 541 1175 τις
555 1108 601 1186 [ὡς
612 1104 718 1187 γύψος),
732 1103 777 1164 καλ
790 1104 882 1175 Ἀθηνᾶ
896 1098 1023 1181 Σκιρρδς,
1036 1098 1120 1177 ὅτιτῇ
1142 1140 1145 1149 -
1167 1101 1252 1181 ρηθεὶς
1260 1104 1287 1160 ἐν
1298 1105 1336 1181 τῷ
1344 1102 1458 1171 δικάζειν
1467 1105 1515 1161 οὑκ
1524 1103 1641 1177 ἠδυνήθη
1652 1105 1870 1183 ἀπολογίσασθαι
1881 1108 1934 1187 ὑπέρ

338 1199 419 1269 λευκή
440 1194 552 1276 χρίεται.
573 1194 637 1275 πρὸς
654 1192 702 1263 τήν
722 1190 875 1269 ὁμωνυμίαν
896 1180 950 1247 οάν.
1010 1185 1120 1253 Ἄλλως.
1165 1192 1274 1260 ἑαυτοῦ,
1289 1189 1348 1247 ἀλλ’
1360 1187 1450 1270 ὥσπερ
1464 1189 1676 1270 έγκατεχομένην
1686 1190 1750 1270 ἔσχε
1760 1190 1809 1262 τήν
1820 1194 1935 1272 γλῶτταν,
2008 1221 2010 1258 ι

338 1284 397 1360 ἐμοὶ
407 1263 439 1342 Ιδέ
447 1262 477 1362 γε
489 1284 536 1341 οὐκ
548 1280 627 1353 ἔστιν,
638 1270 691 1339 οἷον
704 1277 790 1338 οὐκέτι
801 1276 855 1356 ἔχω
865 1274 924 1336 οθδί
932 1274 1065 1334 ἐκπλάσαι
1074 1273 1122 1343 τήν
1165 1274 1211 1333 καὶ
1225 1275 1294 1335 οὑτω
1305 1268 1562 1349 κατεδικάσθη,ε’ίτα
1573 1278 1778 1359 ἐξωστρακίσθη.
1839 1278 1935 1349 Ἄλλως,
2008 1269 2009 1356 (

303 1381 327 1419 ¹⁰
339 1370 428 1451 ὑδρίαν
440 1372 471 1429 ἐκ
484 1374 530 1441 τῆς
544 1366 679 1437 λατύπης,
689 1364 758 1424 ἀλλά
769 1374 844 1423 πᾶσα
857 1363 1001 1421 ἀνάλωται.
1016 1359 1122 1419 εἰώθασι
1165 1362 1230 1442 πρὸς
1241 1363 1289 1434 τήν
1303 1363 1431 1442 ἱστορίαν.
1448 1363 1552 1441 μήποτε
1566 1368 1580 1423 ὑ
1592 1367 1719 1445 Περικλεῖ
1731 1368 1934 1428 ἀντιπολιτευσά-
1947 1400 1964 1434 ιο
2008 1361 2009 1380 ¹

339 1457 367 1517 δὲ
385 1457 419 1516 τά
440 1458 563 1538 δήγματα
581 1459 632 1513 τῶν
652 1455 792 1533 ὑδριῶντῇ
811 1450 918 1531 λατύπῃ
939 1449 1119 1509 διαπλάττειν.
1166 1472 1251 1526 μενος.
1265 1450 1381 1509 τοῦτοδὲ
1396 1450 1544 1529 Φιλόχορος
1560 1450 1608 1529 μέν
1623 1456 1730 1533 ἱστορεῖ.
1747 1454 1775 1521 δς
1790 1456 1849 1514 οὐδὲ
1863 1456 1936 1529 πάντη
2008 1451 2009 1518 (

340 1544 416 1623 ὑδρία
436 1542 463 1603 δέ
483 1544 513 1602 τδ
536 1546 639 1621 ἀγγεῖον
660 1538 911 1621 ῖωτογραρούμενον,
930 1536 1019 1616 ὑδρεία
1039 1535 1066 1594 δὲ
1092 1535 1123 1593 τό
1165 1536 1294 1618 γνώριμος
1305 1538 1415 1617 ἐγένετο·
1428 1540 1487 1597 ἀλλ’
1497 1538 1557 1597 οὐδὲ
1568 1538 1642 1619 παρδι
1655 1550 1709 1609 τοῖς
1719 1542 1937 1619 κωμικοῖς,διδτδ
2008 1559 2009 1562 ’

341 1632 492 1713 ὑδρεύεσθαι
504 1629 547 1689 δεδι
559 1627 705 1711 διρθόγγου.
1166 1626 1207 1684 ἐπ’
1232 1626 1318 1703 ὀλίγον
1344 1625 1482 1706 στρατείας
1505 1624 1646 1695 ἀξιωθέντα
1671 1627 1740 1705 μετὰ
1765 1629 1883 1698 Κλέωνος
1901 1633 1936 1689 ἐπὶ

380 1738 430 1780 ναι.
454 1721 493 1797 (οὐ
507 1718 558 1798 γδρ
571 1717 602 1775 ἀν
616 1738 679 1775 ποτε
694 1714 794 1795 τρίρειν
808 1714 906 1773 δύναιτ’
921 1712 953 1771 ἀν
970 1710 1060 1771 εἰθντὶ
1077 1714 1123 1768 τοῦ
1167 1711 1275 1793 Θράκης
1292 1717 1361 1792 ρυγῇ
1379 1715 1619 1793 κατα·)νηρισθῆναι.
1640 1714 1703 1772 ἔνιοι
1715 1714 1757 1789 δέ,
1774 1706 1812 1773 ών
1824 1716 1869 1775 καὶ
1882 1717 1936 1795 ’λμ-

305 1826 329 1865 ιο
341 1797 378 1873 είς
389 1796 457 1873 οἶκος
471 1808 499 1864 ού
514 1803 623 1863 δύναται
636 1802 738 1883 τρέμειν
752 1800 812 1867 τοὺς
823 1799 868 1859 δύο
881 1797 970 1865 κύνας.
984 1794 1123 1877 εῐρηταιδδ
1167 1798 1261 1875 μώνιος
1279 1805 1324 1857 τοῦ
1343 1798 1494 1881 Στεράνου,
1516 1801 1529 1825 ‘
1543 1800 1558 1829 ⁴
1572 1801 1587 1861 2¹
1599 1799 1645 1859 καῖ
1658 1808 1735 1860 τοῦτο
1752 1801 1781 1861 δέ
1799 1803 1882 1862 ὑπίδοι
1893 1828 1936 1879 τις,
1948 1834 1965 1872 1⁵
2009 1851 2011 1869 2

344 1891 634 1973 παρδτὴνπαροιμίαν,
644 1887 787 1967 μίαλόχμη
795 1886 840 1947 δύο
849 1885 1017 1967 έριθάκουςού
1025 1882 1122 1963 τρέμει.
1166 1884 1255 1965 ὥσπερ
1273 1886 1437 1967 προείρηται.
1456 1886 1620 1963 δγενόμενος
1637 1889 1815 1969 ὀστρακισμὸς
1832 1891 1938 1971 δμραίνει
2009 1881 2010 1974 (

341 1978 453 2045 Ἄλλως.
463 1978 609 2061 παροιμία,
622 1980 651 2036 οὐ
662 1975 751 2057 τρέρει
763 1975 812 2053 μία
821 1972 911 2052 λόχμη
922 1972 967 2031 δύο
980 1970 1122 2052 ἕρεθάκυυτ.
1151 1966 1211 2031 Ιτῖον
1227 1974 1363 2043 Μελησίου
1374 1974 1421 2033 καῖ
1433 1974 1478 2033 τὸν
1490 1972 1705 2056 ὀστρακισθέντα.
1719 1976 1877 2055 Θεόπομπος
1888 1979 1938 2056 μέν·
2009 1981 2010 2034 ί

342 2066 436 2125 ἔστιδὲ
451 2066 538 2147 δρνεον
555 2064 605 2123 ὑπὸ
619 2063 666 2141 μέν
681 2086 756 2121 τινων
772 2060 934 2138 καλούμενον
948 2056 1058 2140 ἑριθεῖις,
1072 2058 1124 2116 ὑπὸ
1166 2084 1207 2119 τοι
1217 2065 1231 2118 δ
1240 2060 1419 2139 ῖστορικδςτδν
1433 2060 1582 2123 Πανταίνου
1593 2061 1671 2142 ρησὶν
1690 2064 1938 2124 ἀντιπολιτοέσασθιι
2009 2057 2010 2062 ’

342 2152 369 2211 δέ
384 2152 478 2232 ίτέρων
493 2151 618 2233 δρίθυλος,
630 2150 681 2209 ὑπὸ
693 2154 744 2208 τῶν
758 2148 886 2207 πλειόνων
898 2146 1038 2229 έρίθακος.)
1169 2150 1308 2229 Περικλεῖ,
1330 2150 1388 2207 ἀλλ’
1407 2150 1456 2207 οὐκ
1477 2148 1637 2230 Ἀνδροτίων,
1658 2149 1728 2209 ἀλλὰ
1748 2152 1794 2210 καί
1811 2153 1884 2220 αὑτὸς
1901 2154 1938 2212 τόν

303 2258 330 2297 ου
380 2260 431 2301 νοο.
456 2242 494 2317 (οὑ
507 2237 685 2316 κεκλάγξομαι
698 2256 705 2296 :
719 2233 793 2308 Ἐδν,
804 2233 883 2317 ρησῖ,
897 2232 934 2313 μι)
946 2229 1124 2310 καταδικάσης
1167 2234 1326 2313 Μιλησίου.)
1948 2275 1968 2312 ω

343 2326 429 2399 αὐτὸν,
450 2324 537 2385 οὐκέτι
557 2324 708 2405 κραυγάσω.
728 2323 772 2383 διὰ
791 2322 843 2405 γδρ
863 2327 910 2395 τῆς
931 2324 993 2401 βοῆς
1013 2322 1037 2379 οῖ
1050 2318 1124 2384 κύνες
1206 2341 1256 2383 m.
1278 2321 1335 2379 δέον
1346 2324 1428 2380 εἰπεῖν
1441 2318 1490 2393 τὴν
1500 2324 1633 2401 γλῶσσαν,
1647 2334 1678 2382 ν,

343 2415 518 2496 φρουροῦσιν.)
1207 2427 1255 2469 νιν.
1279 2408 1383 2490 (πάρεχ’
1402 2410 1520 2469 ἐκποδών
1534 2430 1542 2470 :
1557 2411 1694 2479 Λακτίσας
1707 2410 1753 2470 τόν
1768 2410 1846 2484 κύνα,
1860 2414 1937 2495 ρησὶν,

382 2520 432 2562 ναν.
455 2498 579 2577 (κλέπτον
588 2498 719 2580 τὸχρῆμα
728 2518 736 2561 :
745 2498 813 2559 Ἀντί
821 2504 866 2557 τοῦ
874 2494 1022 2558 κλεπτικόν.
1035 2493 1124 2562 δπαιξε
1168 2496 1318 2579 ἀναχώρει.)
1331 2498 1391 2563 τοὺς
1402 2496 1567 2579 συκοράντας
1581 2496 1676 2569 λύκους
1687 2502 1773 2559 καλεῖ.

343 2584 410 2658 δέῆ
425 2590 452 2645 ῖν
464 2586 591 2668 κωμῳδία
604 2586 705 2669 εἴρηται
719 2584 827 2667 τάνδρὸς
839 2585 885 2645 καὶ
897 2587 925 2644 οὗ
940 2582 1033 2661 κυνός.)
1207 2605 1257 2645 νεα.
1280 2584 1439 2663 (ξυνωμότης
1450 2606 1457 2646 :
1474 2585 1617 2665 ΙΙροόότης.
1630 2591 1666 2654 ὡς
1678 2587 1723 2647 ἐπὶ
1732 2588 1863 2669 ἀνθρώπω
1873 2582 1936 2649 6321-

303 2690 330 2727 2⁵
381 2694 431 2733 οσε.
454 2663 486 2751 (ώ
495 2672 836 2755 ’λεκτρυώνεὙπέρκειται
845 2670 896 2753 γάρ
904 2677 947 2731 τοῦ
956 2670 1125 2752 δικαστηρίου
1167 2676 1236 2750 πεν.)
1946 2710 1967 2747 ,,

344 2763 423 2819 αὐτοῦ
439 2759 598 2842 ἀλεκτρυὼν,
612 2764 647 2827 ὡς
660 2763 687 2821 έν
700 2764 753 2827 τοῖς
769 2760 824 2819 ἀνω
840 2760 979 2829 ἐδήλωσεν.
994 2756 1125 2835 καταμύει
1207 2780 1257 2820 τοο.
1278 2750 1344 2839 (οἷός
1356 2784 1385 2819 τε
1398 2779 1405 2820 :
1421 2758 1537 2827 Δυνατός
1551 2762 1621 2834 ἔστι,
1636 2760 1716 2843 ρησί,
1730 2761 1866 2844 προόάτων
1880 2786 1936 2845 τρο

344 2847 372 2906 δὲ
386 2848 509 2909 ἐπινεύει.
525 2850 636 2929 οὐρῆσαι
649 2848 676 2907 δί
689 2848 769 2907 θέλων
779 2847 861 2923 ἀμίδα
874 2849 958 2924 αῖτεῖ.)
1168 2842 1312 2924 ίστασθαι.)

384 2956 434 2998 οοο.
459 2936 527 3013 (τοὺς
548 2938 682 3016 μάρτυρας
695 2936 746 3017 γάρ
766 2956 773 2996 :
792 2935 866 2995 Ὅσα
882 2937 907 2993 έν
926 2939 964 3015 τῷ
984 2932 1125 3013 μαγειρείῳ
1207 2954 1256 2995 οοο.
1278 2934 1322 2993 τὸν
1338 2935 1415 3015 τυρὸν
1433 2937 1456 2993 εί
1471 2934 1602 2995 κατεσθίει
1617 2955 1625 2995 τ
1639 2932 1728 3017 Ἄλλῳ
1747 2934 1850 3019 τρόπῳ,
1871 2940 1936 3019 ρησὶ,

345 3024 472 3105 τυγχάνει
482 3026 620 3106 ἐργαλεῖα,
634 3030 679 3083 τοῦ
691 3024 792 3101 γελοίου
803 3024 880 3103 χάριν
894 3021 953 3089 άξαι
966 3020 1029 3101 ρησλ
1040 3027 1125 3078 ταῦτα
1170 3022 1291 3103 βλάπτει.
1311 3034 1372 3081 θθεῖ.

306 3123 332 3161 ³⁰
345 3114 380 3179 εἰς
391 3112 536 3193 μαρτυρίαν
548 3115 636 3173 αὑτοῦ.
648 3112 693 3171 καλ
704 3110 744 3170 δτι
754 3114 780 3170 έν
792 3116 830 3191 τῷ
842 3110 982 3191 μαγέιρείορ
994 3108 1126 3189 ήρπάγηδ
1207 3130 1256 3170 νον.
1277 3110 1416 3190 κιθαρίζειν
1436 3108 1488 3191 γάρ
1508 3113 1555 3170 οὑκ
1577 3110 1718 3171 ίπίοταται
1740 3132 1748 3173 :
1769 3113 1853 3191 (Ὧσεὶ
1865 3106 1935 3173 εἶπεν·
1948 3144 1969 3179 α,

344 3200 436 3280 τυρός.)
1170 3196 1242 3257 οὐδὲν
1256 3197 1468 3257 ἀλλοέπίσταται
1477 3198 1548 3271 πλὴν
1559 3198 1590 3257 τδ
1601 3198 1746 3278 κλέπτειν.)
1759 3201 1831 3283 παρὰ
1842 3201 1884 3273 τήν
1893 3226 1937 3260 πτ-
2011 3211 2012 3272 ἶ

384 3308 433 3346 οαο.
458 3284 673 3367 προσκεκαυμένα
686 3306 693 3345 :
707 3285 750 3346 Τδ
763 3288 799 3352 εἰς
811 3282 841 3343 τό
851 3284 970 3343 καίεσθαι
980 3282 1124 3353 ὀπιτήδεια.
1171 3283 1275 3365 ροιμίαν
1286 3314 1298 3337 ι
1310 3288 1377 3364 πεζῇ
1392 3286 1506 3363 βαδίζοι,
1517 3294 1570 3343 νεῖν
1585 3285 1636 3365 γδρ
1650 3289 1697 3345 οὑκ
1709 3287 1860 3365 ἐπίσταμαι.
1871 3318 1882 3340 ι
1896 3292 1938 3364 (οὑ
2011 3319 2012 3322 “

351 3383 413 3429 1ἰ’σι.
1170 3370 1211 3429 δὲν
1230 3371 1258 3429 δέ
1275 3370 1341 3453 πρὸς
1361 3370 1431 3438 ἔπος.
1452 3371 1510 3431 δέον
1530 3370 1581 3453 γδρ
1600 3375 1681 3432 εἰπεῖν
1698 3374 1750 3434 ὑπδ
1769 3374 1856 3448 πείνης
1872 3383 1938 3435 ταῖτο

385 3479 433 3519 οιι.
458 3450 521 3537 (οἶμ’
531 3458 582 3538 ῖγὼ
593 3461 727 3539 χεσεῖσθαι
742 3482 748 3520 :
761 3458 831 3539 Πρὸς
841 3457 870 3515 τὸ
879 3460 988 3537 οὐρῆσαι
1000 3457 1125 3537 ἀπήνεγκε
1169 3468 1254 3533 ποιεῖ,
1267 3462 1281 3517 θ
1293 3458 1321 3517 δὲ
1332 3459 1397 3538 παρ’
1410 3458 1533 3518 ὑπόνοιαν
1548 3466 1626 3519 τοῦτο
1640 3460 1793 3541 ἐπήγαγεν.)

305 3558 331 3594 ³³⁶
345 3546 374 3605 τὸ
384 3548 518 3626 χεσεῖσθαι
528 3548 631 3618 ποιήσοι
638 3547 682 3605 τὸν
693 3546 815 3617 Λάὀητα.
826 3548 861 3611 ὡς
872 3544 1000 3625 ριλόόικος
1011 3544 1039 3603 δὲ
1050 3547 1126 3604 ἀπεῖ-
1209 3567 1259 3607 νου.
1281 3546 1335 3605 ἀπὸ
1348 3552 1434 3606 κοινοῦ
1447 3546 1478 3608 τδ
1490 3546 1657 3610 ίπίστασθαι.
1674 3561 1705 3608 V.
1946 3583 1968 3624 ,ς

344 3634 385 3691 λεῖ
397 3632 573 3709 καταδικάσαι
588 3634 686 3711 αὐτόν.)
1209 3653 1258 3692 οσι.
1279 3636 1431 3713 κακουργῶν
1444 3632 1564 3716 ὀνίγραρ’
1576 3642 1639 3712 ημῖν
1654 3656 1661 3696 :
1678 3640 1715 3703 ὡς
1734 3638 1849 3717 γραπτδν
1866 3640 1934 3707 δεδαι-

384 3742 432 3780 οισ.
457 3722 524 3795 (ἀλλ’
538 3720 598 3789 ὀδάξ
617 3720 697 3801 ἔχεις
718 3712 782 3781 (λῖον
797 3716 871 3779 οὐδέν
893 3716 1044 3799 φθέγγεται,
1057 3718 1126 3777 ἀλλά
1170 3718 1245 3788 κότος
1257 3720 1335 3797 λόγον
1349 3726 1394 3779 τοῦ
1409 3722 1620 3799 ἀπολογουμένου
1635 3724 1718 3792 κυνός.
1735 3738 1764 3785 θ.
1785 3738 1811 3785 V.
1829 3738 1886 3785 vict.

346 3808 403 3873 τοδς
429 3809 535 3875 ὀδόντας
555 3809 683 3881 δηκτικῶς
705 3796 847 3887 κάτέχειό
874 3806 953 3867 κύων.
1015 3803 1124 3874 Ἄλλως.
1209 3828 1259 3868 νοτ.
1283 3811 1344 3885 (τῶν
1355 3807 1495 3888 μαρτύρων
1509 3828 1517 3868 :
1530 3809 1758 3889 ’λπολογουμένων
1772 3816 1902 3886 δηλονότι.)

346 3895 522 3976 διασπαράξει
536 3896 623 3974 βούλει
634 3904 687 3963 τοῖς
700 3898 787 3955 ὀδοῦσι
799 3894 843 3955 τόν
857 3892 983 3967 κύνα,ίν’
998 3886 1015 3973 ᾖ
1028 3894 1059 3953 τὸ
1070 3894 1126 3973 ἔχει
1208 3914 1256 3955 νοτ.
1278 3894 1434 3975 τυρόκνηστι
1448 3915 1456 3956 :
1473 3896 1531 3968 Τὴν
1551 3898 1702 3976 ἀπολογίαν.
1722 3919 1754 3967 v.
1769 3906 1814 3977 (ὡς
1831 3903 1889 3984 πρὸς
1899 3902 1935 3961 τδν

298 3990 334 4039 ἰιι
346 3983 465 4063 δευτέρου
479 3981 620 4063 προσώπου
635 3983 768 4059 Ἀττικοῦ.)
1171 3984 1284 4061 Χάρητα
1296 3985 1378 4042 πάλιν
1392 3984 1540 4057 καὶτοῦτο,
1552 3990 1588 4053 ὡς
1603 3988 1629 4044 ἐν
1641 3988 1788 4070 κωμῳδία.)
1946 4022 1968 4059 ς,

385 4094 432 4131 νει.
455 4070 519 4153 ὅπερ
535 4071 598 4130 ποτὲ
615 4071 716 4152 ρεύγων
729 4070 824 4130 ἔπαθεν
840 4090 847 4131 :
866 4070 1041 4148 (Θουκυδίδην
1057 4069 1127 4147 λέγει
1209 4092 1260 4131 νει.
1284 4070 1454 4149 (ταμιεύουσα
1470 4091 1478 4132 :
1496 4072 1543 4133 Ἐν
1556 4077 1594 4154 τῷ
1610 4074 1711 4155 ταμείῳ
1723 4052 1800 4138 οάἀα.
1813 4080 1839 4137 δν
1852 4078 1935 4142 τούτοις

344 4159 389 4219 τὸν
402 4159 545 4238 Μελησίου)
560 4159 778 4241 (Ἀλωπεκῆθεν).
792 4165 882 4219 τοῦτον
894 4159 920 4217 δὲ
933 4158 1127 4239 ἐξωστράκισαν
1171 4158 1217 4217 καί
1232 4158 1286 4239 ἀλῳ
1297 4162 1335 4238 τῷ
1346 4158 1435 4240 τράπιμ
1446 4164 1493 4230 τῆς
1505 4158 1578 4232 δίκης
1590 4162 1786 4243 ἐχαρακτήρισε
1797 4162 1843 4231 τδς
1855 4168 1879 4223 ἕν
1888 4168 1934 4228 ταῖς

346 4247 475 4319 Ἀθηναῖοι
491 4247 525 4306 τὰ
543 4248 558 4305 ι’
575 4248 620 4319 ἔτη
639 4246 708 4305 κατά
719 4245 767 4306 ’τὸν
783 4247 869 4324 νόμον·
887 4248 929 4323 (ού
945 4246 1013 4315 ξένον
1031 4246 1073 4317 δέ,
1087 4230 1127 4305 ὀτῖ
1170 4245 1288 4313 εὐθύναις
1299 4249 1352 4304 τῶν
1362 4247 1497 4325 ἀρχόντων
1510 4247 1672 4326 ἀπολογίας.)

346 4335 451 4415 ἑτέρωθι
461 4332 510 4413 μέν
520 4333 724 4415 έξωστρακίσθαι
735 4332 813 4415 ρησλν
824 4334 913 4410 αὐτὸν,
923 4338 967 4392 νῦν
978 4334 1003 4392 δὲ
1015 4334 1126 4415 φεύγειν.
1210 4354 1259 4392 οσε.
1283 4332 1456 4407 (κατέκνησας
1472 4354 1479 4393 :
1496 4333 1566 4393 Ἀντδ
1581 4341 1626 4393 τοῦ
1644 4334 1748 4414 ἔτεμες,
1762 4337 1880 4417 ε’μόρισας
1892 4340 1934 4400 τοῖς

306 4441 332 4481 ιο
345 4414 412 4489 ε’ίδος
423 4422 509 4503 γάρτι
521 4426 603 4503 φυγῆς
615 4422 898 4502 ἀστινὺὀστρακισμός.
912 4421 973 4479 ῖνδδ
983 4423 1036 4489 τοῖς
1047 4421 1127 4480 εἴδεσι
1170 4419 1358 4501 στρατιώταις,
1380 4419 1398 4477 ἀ
1421 4419 1514 4487 ἔλαθες
1536 4420 1624 4503 τυρία.
1648 4426 1683 4491 ὡς
1704 4424 1749 4483 ἐπὶ
1771 4423 1890 4501 δημοσίου
1911 4419 1967 4495 δέγ,

345 4510 497 4590 περιέχεται
510 4506 627 4589 τδγίνη.
639 4509 726 4569 καὶτὸ
741 4508 789 4587 μέν
804 4508 1010 4589 έξωστρακίσθαι
1023 4509 1126 4589 ρεύγειν
1169 4507 1326 4590 πράγματος
1338 4506 1502 4575 ἀξιοπιστίαν
1516 4516 1735 4592 περιποιεῖταιτῇ
1750 4509 1932 4593 μαρτυρίιγ,διδ

346 4596 377 4656 ἄν
390 4620 429 4664 τις
443 4596 548 4665 εἰκότως
559 4597 642 4669 είποι,
657 4597 686 4657 τδ
702 4596 730 4656 δέ
745 4596 848 4679 φεύγειν
865 4596 951 4655 οὐκέτι
969 4596 1127 4677 ε’ξωστρακί-
1170 4602 1215 4655 τοῦ
1226 4593 1401 4676 στρατιώταις
1409 4596 1491 4654 εἰπεῖν
1503 4595 1679 4675 τετμηκέναι.)

346 4685 426 4759 σθαι.)
442 4683 558 4766 διαρέρει
574 4683 625 4763 γδιρ
640 4682 708 4767 ρυγλ
725 4687 919 4764 ὀοτρακισμοῦ,
934 4684 999 4742 καθὸ
1013 4688 1065 4742 τῶν
1078 4684 1126 4761 μὲν
1210 4704 1258 4743 ons.
1282 4683 1339 4762 (καῖ
1353 4682 1478 4763 τραχήλι’
1491 4684 1571 4743 ἐσθίει
1586 4704 1593 4743 :
1611 4687 1637 4743 Τ
1638 4683 1655 4742 δ
1667 4684 1737 4764 άκρα
1750 4686 1796 4745 καὶ
1807 4686 1839 4745 τά
1856 4686 1932 4752 εὐτελῆ

347 4770 492 4850 φευγόντων
511 4773 539 4829 αῖ
554 4771 640 4830 οὐσίαι
657 4770 829 4848 δημεύονται,
848 4775 900 4829 τῶν
915 4770 942 4830 δέ
956 4774 1126 4853 ὀστρακισμῷ
1171 4770 1245 4853 κρέα.
1259 4772 1286 4829 έν
1299 4774 1354 4836 τοῖς
1365 4770 1538 4848 ὑπομνήμασι
1549 4771 1577 4829 δδ
1588 4770 1735 4852 γέγραπται
1747 4773 1808 4854 περὶ
1823 4777 1870 4831 τῶν
1880 4795 1933 4852 τρα-

308 4875 335 4913 οο
348 4858 532 4935 μεταστάντων
549 4858 634 4918 οὐκέτι
652 4859 746 4941 (κύριος
758 4864 771 4919 ὑ
785 4860 875 4936 δῆμος.
891 4858 936 4917 καὶ
954 4866 1006 4925 τοῖς
1020 4857 1067 4935 μέν
1082 4864 1127 4922 καὶ
1170 4857 1271 4937 χηλίων
1283 4855 1377 4923 οὕτως·
1390 4854 1424 4915 τδ
1436 4856 1641 4935 ἀποόαλλόμενα
1655 4863 1708 4919 τῶν
1724 4860 1805 4942 ὀβων,
1816 4864 1851 4927 ὡς
1862 4855 1931 4937 μικρί
1942 4893 1965 4931 3,

347 4944 424 5010 τόπος
434 4944 571 5003 ἀπεδίδοτο
585 4944 629 5004 καί
643 4946 747 5026 χρόνος,
761 4954 814 5013 τοῖς
828 4944 855 5004 δὲ
869 4945 1002 5025 οὐδέτερον
1016 4945 1126 5007 τούτων.
1171 4944 1326 5010 κλέπτοντος
1336 4946 1426 5005 αὑτοῦ.
1441 4944 1607 5017 πεπλάνηται
1619 4946 1655 5005 δέ.
1669 4946 1763 5006 ἔστιδὲ
1774 4947 1931 5028 τραχήλιόντι

347 5029 387 5089 δτι
402 5030 429 5089 δέ
446 5036 459 5090 δ
478 5030 617 5102 Ἀθηναίων
635 5035 716 5109 δῆμος
734 5032 870 5113 ἀειρυγίαν
887 5036 966 5091 αὐτοῦ
982 5032 1127 5113 καταγνοὺς
1173 5032 1258 5114 βραχὺ
1274 5031 1382 5103 τελέως,
1398 5032 1584 5113 παραπλήσιον
1601 5042 1656 5101 τοῖς
1672 5030 1817 5115 κυρηόίσις,
1831 5032 1930 5093 τουτέστι

347 5118 474 5195 ἐδήμευσε
484 5116 531 5187 τλν
541 5119 640 5191 οὐσίαν,
651 5118 696 5178 καῖ
704 5120 767 5199 πρὸς
778 5119 944 5201 Ἀρταξέρξην
954 5113 1002 5192 ἧκε
1014 5124 1126 5201 φεύγων,
1171 5120 1300 5201 πιτύροις,
1313 5129 1366 5187 τοῖς
1379 5121 1431 5179 ἀπὸ
1445 5124 1496 5179 τῶν
1508 5126 1601 5201 κριθῶν
1612 5121 1809 5201 ἀποθρέγμασι,
1819 5131 1866 5189 τοῖς
1876 5120 1930 5197 ἀχύ·

348 5204 429 5285 σαφές
437 5214 507 5265 ποιεῖ
517 5205 660 5284 Ἰδομενεύς
671 5205 713 5263 διδι
723 5212 767 5263 τοῦ
780 5208 803 5285 (δ’
814 5207 858 5264 τὸν
866 5206 961 5286 τρόπον
972 5214 1089 5280 τοῦτον,ι
1102 5212 1125 5265 οῖ
1173 5232 1233 5288 ροις.
1253 5208 1374 5287 λέγονται
1392 5208 1418 5267 δέ
1441 5208 1486 5267 καῖ
1500 5211 1640 5289 ἀρσενικῶς
1652 5213 1676 5268 οί
1692 5210 1826 5291 τράχηλοι,
1843 5208 1891 5267 ἔστι
1906 5206 1928 5262 δὲ
