4100 6109
303 449 309 463 ·
376 453 434 505 ssu
943 434 1233 497 honorarium
1255 435 1391 497 SCHOL.

375 572 530 633 iambicum
555 594 620 633 curn
642 571 833 653 ithyphallico
861 569 1053 647 compositum
1078 586 1140 625 esse
1184 566 1317 627 baiarum
1332 568 1513 647 quarundam
1533 567 1571 626 ab
1586 568 1733 646 judicibus
1755 571 1928 643 comicorum,

375 662 545 733 credamus,
572 662 640 721 lieet
664 660 833 721 nulladum
864 658 919 717 alia
939 658 1025 735 liujus
1056 656 1140 713 metri
1183 655 1301 714 volente
1317 656 1420 734 procul
1434 654 1525 714 dubio
1540 670 1569 715 et
1587 654 1730 736 probante
1743 656 1929 735 Aristophane,

301 785 305 791 <
375 749 506 828 exempla
530 751 718 809 innotuerint.
731 754 819 809 Dran.
830 786 863 801 -
883 768 918 806 ra
937 748 965 805 δί
979 766 1038 805 um.
1053 748 1089 804 tt.
1105 750 1138 801 V.
1176 742 1214 799 'in
1228 744 1358 822 catalogo
1369 744 1512 803 victorum
1521 745 1661 823 scriptum
1672 744 1768 805 fuisse.
1779 750 1862 803 Juvat
1870 746 1931 803 hanc

374 838 455 895 ..15
477 838 664 917 συνδυστυχεῑν
683 839 755 918 αὐτῷ
771 835 832 897 nid.
854 841 989 897 Ceterum
1009 833 1141 893 scholion
1185 830 1449 909 interpretationem
1461 832 1539 911 quod
1553 832 1659 910 legitur
1669 833 1699 890 in
1711 844 1876 910 argumento
1884 836 1931 890 lia«

375 927 431 985 boe
443 923 753 1005 τινίς-συνδυστυχοῑν,
776 926 896 1003 praefixo
914 922 1014 996 ἄλλως,
1030 919 1141 981 scholio
1185 940 1303 992 narum,
1317 918 1470 993 Φιλωνίδης
1485 920 1620 1003 ίπεγράρη
1641 920 1687 979 καλ
1706 920 1789 980 ἐνίκα.
1814 920 1850 980 tt
1867 924 1930 999 apud

374 1012 412 1073 ad
427 1034 453 1073 ν.
469 1013 617 1091 175(post
628 1013 760 1087 κλίπτων,
771 1013 792 1072 l.
808 1010 1001 1089 31)adjnngit
1014 1008 1140 1068 tt.-16
1185 1007 1276 1069 schol.
1296 1013 1382 1088 Vesp.
1412 1010 1563 1069 ror3:odx
1586 1010 1616 1067 lx
1637 1012 1683 1067 τοῦ
1705 1012 1831 1091 ρανεροῦ,
1853 1008 1931 1089 φησὶν,

375 1103 439 1179 δημ.
455 1098 667 1180 δςάνεδημεάθη,
683 1122 716 1172 ¹7
731 1122 796 1181 φησι
805 1113 835 1157 et
847 1098 960 1173 κλοιτλν,
976 1119 1011 1175 19
1021 1095 1050 1155 δλ
1062 1094 1141 1177 ἀργά-
1185 1095 1339 1177 ἕπικουρεῖδ
1350 1094 1463 1167 ποιητὴς
1471 1095 1680 1177 (Ἀριστοφάνης)
1690 1105 1744 1163 τοῖς
1758 1102 1868 1167 θεαταῖς,
1877 1094 1932 1154 ἀλλά

375 1212 427 1271 ριος
441 1188 582 1249 codex.-
596 1209 631 1264 ογ
648 1188 839 1267 βιλωνοπάιλην
851 1194 920 1267 Reg.
1185 1182 1219 1239 δι’
1242 1182 1337 1263 ἑτάρων
1359 1187 1476 1255 ποιητῶν
1496 1182 1599 1262 λάθρα,
1623 1183 1712 1255 ἐπειδὴ
1735 1182 1778 1243 διδ
1801 1184 1931 1243 Φιλωνίδου

419 1278 484 1349 175,
498 1278 535 1335 32
549 1280 563 1335 ὁ
575 1277 622 1343 τὰς
636 1280 661 1354 β
673 1298 703 1333 ιτ.
717 1295 773 1335 om.
786 1280 820 1336 G.
949 1312 957 1325 .
1185 1270 1230 1328 καί
1247 1270 1447 1352 Καλλιστράτου
1457 1270 1542 1331 καθίει
1551 1273 1611 1331 τινδι
1621 1275 1673 1330 τῶν
1683 1271 1834 1353 δραμάτων.
1844 1272 1932 1329 Confer

309 1405 315 1416 -
419 1368 473 1437 176
496 1363 628 1445 Ἀργιίριος
651 1366 717 1425 ΑΙά.
740 1376 770 1423 et
788 1366 866 1423 'infra
890 1361 1033 1444 Ἀργύριον.
1053 1398 1084 1409 -
1103 1362 1140 1419 36
1185 1377 1238 1415 nos
1254 1359 1390 1416 etiamad
1405 1360 1542 1437 Equitv.
1560 1360 1626 1419 510.
1642 1360 1694 1418 Uti
1708 1357 1932 1417 autemhocloco

375 1467 442 1531 post
456 1453 534 1512 αδτδν
549 1454 617 1511 sort.
632 1454 797 1514 addendum
811 1454 943 1534 κωμῳδεῖ.
955 1458 1046 1511 Dino.
1060 1488 1091 1501 -
1104 1452 1140 1523 37
1188 1446 1354 1505 Philonides
1366 1446 1593 1529 ίπιγεγραμμάνος
1606 1448 1711 1506 dicitur
1727 1456 1782 1511 τοῖς
1796 1445 1931 1525 Ἀριστοφι-

373 1536 416 1598 dre
430 1545 465 1601 G.
481 1538 544 1600 ὅταν
559 1548 610 1614 v.,
628 1555 752 1619 uterque
774 1533 877 1623 πάτρη.
899 1540 1033 1612 ’λδηναῑος
1051 1551 1079 1597 et
1104 1538 1141 1595 38
1185 1532 1261 1602 νείοις
1284 1533 1415 1615 δράμασι,
1440 1538 1479 1595 ita
1500 1536 1667 1607 scholiastes
1688 1540 1763 1597 Ran.
1790 1536 1826 1607 ηδ
1848 1534 1880 1591 de
1895 1538 1932 1590 lo-

373 1635 497 1689 τοσοῦτον
513 1643 544 1688 et
565 1639 602 1697 lo
626 1638 736 1711 οτρηνιᾳ
759 1650 816 1688 om.
837 1634 916 1689 ii...
935 1639 971 1697 aa
992 1625 1142 1708 ἐκερδάκιζε
1185 1622 1296 1700 phonte
1309 1624 1370 1682 lilio
1385 1625 1539 1703 Sophoclis
1559 1624 1672 1695 scribit,
1687 1642 1755 1683 eum
1774 1623 1931 1681 comicorum

375 1720 463 1777 Paris.
475 1720 546 1797 (non
560 1721 655 1797 Regu*-
672 1724 706 1778 In
721 1718 797 1777 libro
813 1719 971 1797 Poggiano,
992 1718 1043 1795 qui
1063 1716 1140 1774 idenr
1181 1710 1256 1787 jucis
1276 1714 1454 1791 exagitatum
1476 1713 1564 1772 luisse
1587 1712 1631 1772 ίπλ
1653 1715 1693 1793 τῷ
1711 1720 1770 1779 ταῖς
1790 1714 1836 1769 τοῦ
1853 1710 1932 1792 πατρὸς

374 1804 503 1865 scholion
518 1804 616 1877 haber,
628 1805 768 1885 scriptum
781 1821 835 1880 est,
845 1806 902 1865 ὅθεν
917 1804 1070 1886 πορίζεσθαι
1086 1802 1141 1881 βίον
1185 1798 1343 1880 τραγῳδίαις
1364 1802 1565 1885 ἐπιγράφεσθαι.
1583 1806 1672 1861 Kusr.
1693 1804 1785 1878 Lege,
1800 1798 1931 1869 Φιλωνίδην

374 1892 525 1973 ἐκορδάκιζε
545 1893 591 1953 καί
616 1892 793 1975 ἔπερδε-ἶνα
812 1893 882 1975 tior
896 1896 1046 1976 cipp-43
1070 1892 1141 1972 λάὸῃ
1186 1884 1257 1947 diod
1270 1887 1315 1949 τδν
1330 1888 1472 1972 ὑποκριτήν
1487 1912 1567 1971 φησι,
1580 1886 1626 1949 ‘tls
1647 1896 1702 1955 τοῖς
1718 1887 1776 1970 Ἀρ.
1789 1888 1931 1965 ἐπιγεγραμ-

373 1986 456 2059 Reg,
471 1983 520 2059 qui
536 1990 573 2051 irlr
588 1982 684 2051 addit,
698 1982 781 2065 impos
795 1983 819 2041 δ
832 1983 876 2042 ίπὶ
890 1981 1033 2061 θρασύτητι
1051 1986 1141 2039 τοῦτον
1186 1974 1265 2051 μίνον
1283 1976 1423 2059 δράμασιν.
1448 1982 1598 2037 mersus.
1619 1976 1744 2036 Delendi
1769 1987 1862 2055 potest
1874 1978 1930 2032 sni-

374 2070 558 2150 κωμῳδοῦσιν.
1186 2078 1272 2142 ptura
1288 2067 1410 2143 vulgata.
1423 2065 1537 2125 Deinde
1559 2070 1668 2127 hiemet.
1689 2062 1790 2123 οἴονται
1804 2064 1931 2141 ὁμωνυμίᾳ,

419 2179 482 2230 177,
498 2159 535 2225 46
547 2158 676 2237 Φιλέψιος
689 2157 717 2217 δὲ
733 2180 761 2217 π.
774 2158 821 2218 καλ
832 2158 911 2228 λάλος
928 2158 1045 2239 ἱστορίας
1056 2156 1141 2234 λέγων
1185 2153 1237 2228 qni
1268 2154 1420 2213 articulum
1450 2172 1566 2213 servare
1605 2150 1741 2212 debebat.
1767 2156 1931 2225 Dan-lo

374 2238 494 2328 ὶτρίρετὸ
508 2252 627 2319 V...t,7
639 2244 685 2305 καλ
697 2246 893 2329 τερατάιδηςλλ.
908 2245 1142 2329 τερατώδης-κω-
1185 2242 1355 2302 Nicocharis
1375 2242 1465 2302 verba
1486 2254 1658 2323 repetuntur
1676 2242 1707 2299 in
1726 2240 1839 2300 scholio
1858 2239 1890 2298 ad
1909 2258 1930 2299 v.

307 2390 311 2394 .
374 2332 450 2411 μικός
469 2354 529 2395 om.
551 2339 587 2391 V.
613 2338 683 2392 Post
698 2332 870 2394 διαάάλλεται
884 2340 921 2395 n.
938 2336 1033 2415 pergit
1053 2335 1142 2392 λαλῶν
1188 2331 1255 2401 303,
1272 2330 1349 2389 unde
1363 2344 1527 2391 correctum
1537 2330 1586 2403 ἠδά
1599 2332 1624 2390 τ’
1637 2331 1685 2388 άπ.
1698 2329 1820 2389 Aldinae.
1835 2328 1931 2387 Rectius

374 2418 650 2503 ἱστορίαι-ἐτρέφετο,
690 2427 837 2499 tV.-l.9
851 2420 880 2481 dl
889 2421 934 2482 καὶ
948 2422 1065 2503 ίστορίας
1075 2427 1142 2477 V.-
1186 2418 1308 2477 lortasse
1325 2417 1377 2492 ἤδη
1391 2420 1413 2479 τ’
1436 2422 1580 2479 Mcnrsius
1593 2419 1623 2477 in
1639 2419 1713 2478 Bibl.
1737 2421 1838 2476 Attica.
1857 2406 1931 2489 lter

376 2509 413 2566 52
429 2509 580 2586 legendum
600 2442 702 2587 ἔδολγά,
725 2511 804 2587 quod
825 2510 950 2589 conjecit
960 2512 1141 2583 Dindnrlius,
1186 2505 1339 2566 Bentlcins.
1351 2507 1430 2566 ..50
1444 2506 1589 2574 Φιλλάλισς
1600 2506 1810 2585 Jungerma'nn.
1830 2506 1864 2563 ad
1876 2506 1930 2565 Pol-

374 2616 411 2653 ex
428 2597 528 2673 Regio.
1187 2596 1244 2654 luc.
1262 2616 1306 2669 ιο,
1320 2598 1371 2674 93.
1387 2597 1505 2667 Φύλλιος
1517 2599 1582 2658 ΑΙά.
1596 2592 1931 2677 -5οΑαΐῳῢιιιειιδουιιε

418 2690 473 2756 ¹7⁸
487 2704 544 2742 orn.
557 2689 605 2762 v,
619 2698 725 2762 preter
738 2705 772 2744 en
786 2706 851 2763 qun
864 2688 939 2749 inira
951 2708 987 2745 ex
1002 2710 1038 2746 eu
1053 2706 1142 2766 appo
1185 2684 1338 2744 Animadv.
1351 2684 1387 2745 ad
1401 2687 1505 2749 Athen.
1519 2708 1553 2760 a,
1568 2706 1613 2759 ²7·
1628 2679 1675 2745 hai
1686 2686 1754 2745 aid.
1764 2720 1797 2735 -
1809 2705 1821 2741 r
1835 2704 1874 2763 sq.
1886 2684 1931 2743 dan

375 2786 492 2830 nuntnr.
502 2808 533 2823 -
553 2778 687 2831 revera
710 2775 836 2833 nominis
850 2776 941 2851 forma
956 2774 1143 2855 Ψαμμήτιχος
1185 2769 1229 2831 τὸν
1244 2774 1400 2835 Bentleius.
1413 2774 1524 2847 ἀνόητον
1534 2774 1600 2833 aid.
1615 2786 1645 2833 et
1657 2774 1704 2833 καλ
1718 2776 1840 2840 οὔκ-4
1851 2774 1930 2850 apri·

149 2882 154 2889 ·
258 2932 262 2940 Ι
374 2873 428 2935 est,
440 2859 477 2918 de
486 2881 543 2937 qna
557 2881 585 2918 ν.
598 2862 675 2919 an.
684 2861 721 2919 ad
735 2863 867 2940 Thucyd.
881 2884 906 2938 r,
926 2873 990 2933 rut..
1008 2869 1044 2923 Et
1056 2864 1141 2941 Ψαμ-
1186 2862 1350 2938 Berglins,
1368 2860 1497 2928 Μελιτεὺς
1517 2862 1672 2922 Bentleius.
1697 2862 1822 2940 δγκᾶδδ
1844 2860 1978 2943 μιλίωνΙ

373 2945 488 3027 μήτιχος
503 2964 581 3007 recte
601 2950 631 3007 in
653 2950 745 3010 schol.
765 2956 854 3030 Vesp.
872 2954 937 3025 716.
955 2958 1045 3011 Dino.
1058 2990 1089 3004 -
1105 2972 1141 3009 no
1185 2947 1315 3009 did-5
1338 2950 1524 3009 scribendurri
1546 2951 1673 3009 numeris
1688 2948 1853 3008 melioribus
1864 2946 1929 3005 tor-

375 3040 434 3098 imo
455 3040 508 3097 τῶν
528 3042 649 3121 Περσῶν.
660 3084 692 3094 -
703 3050 808 3109 αυτοῖς
827 3063 885 3102 orn.
906 3049 942 3101 G.
952 3080 983 3092 -
994 3046 1031 3101 οδ
1047 3045 1137 3103 corri-
1186 3059 1245 3097 στον
1259 3037 1343 3097 πόλει.
1363 3039 1483 3099 Videtur
1500 3053 1596 3097 autern
1615 3038 1663 3098 hic
1679 3058 1780 3097 rosus
1792 3058 1826 3096 ex
1839 3037 1889 3095 alin
1901 3037 1930 3093 ir-

374 3127 498 3203 gendum
508 3128 637 3210 μυριάδες
645 3138 713 3212 τρεῖς
721 3151 757 3188 ex
768 3132 879 3191 scholio
888 3132 1047 3209 superiore.
1057 3135 1140 3191 (Ioni.
1186 3124 1260 3185 bulte
1275 3128 1339 3185 loco
1353 3139 1486 3206 sumptus
1501 3146 1564 3186 esse
1579 3146 1667 3206 qnam
1681 3127 1732 3205 qni
1746 3126 1883 3204 precedit.
1894 3127 1929 3183 Vi

355 3215 463 3272 .sch0i.
480 3219 565 3292 Vesp.
583 3217 649 3290 716.
662 3221 752 3276 Dran.
765 3220 810 3279 Ad
821 3223 971 3297 sequentia
979 3220 1079 3279 confer
1093 3221 1139 3279 in·
1185 3213 1220 3272 de
1235 3214 1362 3273 Meluek·
1384 3220 1468 3274 C⁰m·
1487 3219 1510 3285 l,
1527 3234 1558 3291 Ρ·
1581 3216 1640 3287 7⁰3
1656 3212 1770 3291 ssi-5
1788 3210 1930 3289 ἕπψμὲνηι

375 3303 699 3385 terpretesThncytlidis
712 3325 737 3376 r,
750 3315 1002 3384 rodet109.-a7
1015 3307 1081 3388 πρὸς
1092 3309 1140 3380 τὴν
1185 3302 1283 3361 intulit
1295 3308 1392 3361 June:
1408 3302 1486 3381 qnod
1502 3304 1526 3359 si
1540 3316 1670 3361 veterum
1686 3300 1827 3359 librorum
1840 3299 1889 3357 lide
1899 3300 1930 3357 ir-

374 3393 547 3449 Paris-ad
563 3392 766 3463 ἀναπλώσαντες
787 3397 892 3468 Paris,
916 3416 975 3455 non
991 3402 1073 3476 neg,
1091 3400 1140 3475 qni
1185 3404 1263 3450 cturn
1278 3403 1438 3462 constaret,
1452 3390 1693 3470 amplecteremur
1710 3391 1805 3447 sorte:
1819 3400 1859 3446 est
1870 3390 1929 3446 enirn

373 3480 459 3538 etiam
472 3475 554 3538 ἕλεσι.
572 3478 636 3536 sid.
652 3492 681 3537 et
697 3482 785 3542 Paris.
798 3481 902 3557 δλληαι,
916 3484 997 3562 quod
1013 3486 1140 3543 correxit
1185 3478 1329 3557 ίπάγεσδαι
1353 3478 1511 3557 aliquando
1534 3482 1663 3547 allicere,
1693 3476 1834 3534 blanditiis
1855 3478 1891 3531 ed
1908 3495 1931 3531 rr

376 3566 537 3653 llemsterjh.
1180 3570 1342 3644 praelucere,
1356 3567 1500 3625 meretrici
1514 3565 1635 3625 verbum
1647 3567 1748 3644 utique
1761 3564 1929 3633 conveniens,

418 3676 482 3730 179,
494 3655 530 3727 37
541 3655 660 3713 αιιιοῑια
671 3657 793 3715 indicavi
805 3659 945 3718 lacunam.
956 3663 1049 3722 Drnn.
1061 3667 1141 3721 Inter
1183 3676 1201 3715 a
1221 3676 1279 3734 qua
1294 3666 1435 3733 potestate
1456 3655 1504 3713 illa
1528 3655 1630 3713 itidem
1653 3656 1791 3713 (licuntur
1808 3650 1929 3731 immi,

334 3771 338 3780 ·
374 3742 529 3801 Chabriam
545 3742 666 3821 (olymp.
683 3765 732 3821 91,
746 3746 777 3825 a)
790 3759 820 3805 et
833 3748 966 3807 Dioclem
983 3750 1033 3827 (ol.
1048 3771 1098 3828 92,
1110 3750 1139 3830 1,)
1184 3764 1248 3823 quoe
1260 3746 1316 3802 vim
1332 3744 1468 3823 pellacem
1488 3762 1683 3822 magnumque
1702 3741 1869 3800 lenocinium
1891 3741 1930 3796 in-

373 3830 527 3888 archontes
545 3833 613 3889 anni
635 3831 780 3892 intersunt
806 3836 956 3915 utrinque:
970 3840 1049 3917 quod
1071 3860 1141 3917 ergo
1184 3832 1263 3892 beni.
1273 3839 1381 3892 Verum
1392 3832 1423 3890 in
1435 3828 1583 3910 sindpertus
1591 3832 1700 3890 residet
1712 3830 1824 3889 diversa
1834 3818 1928 3907 quidun

373 3920 514 3999 sequitur,
528 3916 586 3977 lert
602 3917 630 3977 δδ
640 3919 688 3989 lue
697 3922 837 3990 Διοκλέους
850 3922 896 3997 ίτη
913 3924 955 4000 ιδ,
968 3946 1069 3985 eorum
1087 3928 1140 3987 ini·
1186 3938 1358 4001 parumper,
1372 3920 1423 3981 sed
1437 3920 1531 3979 affinis
1546 3932 1641 3979 tamen
1656 3918 1834 3997 significandi
1848 3919 1929 3987 virtus,

373 4009 445 4065 rium
460 4005 634 4094 estn'Laide
643 4021 709 4067 nata
719 4009 895 4070 ducendum.
906 4015 997 4073 Simul
1009 4030 1139 4094 apparet,
1183 4012 1252 4065 curta
1263 4013 1384 4085 aliquem
1394 4028 1508 4084 carere,
1520 4010 1719 4085 deceptumque
1739 4028 1800 4065 τιατ
1809 4012 1929 4084 ματαίου

294 4133 298 4139 .
373 4094 435 4151 hm
449 4110 515 4150 eum
526 4093 556 4150 in
568 4093 688 4152 modurn
700 4115 764 4155 esse
778 4098 900 4176 scripta,
915 4113 958 4175 ut,
974 4104 1044 4179 quin
1058 4106 1139 4182 prio.
1175 4096 1278 4169 facere
1291 4118 1301 4151 .·
1314 4096 1392 4173 quod
1415 4116 1432 4155 a
1455 4094 1550 4155 Laidis
1572 4094 1699 4169 insidiis,
1713 4116 1784 4173 quas
1809 4108 1928 4153 non-tan

373 4199 434 4238 retn
448 4179 563 4237 Plutum
575 4180 604 4237 in
620 4180 754 4241 manibus
772 4182 903 4258 haberet,
917 4202 1068 4248 enarrator
1086 4191 1140 4251 iste
1185 4184 1352 4257 Philonide,
1367 4204 1455 4261 quarn
1475 4184 1585 4243 divitiis
1599 4186 1663 4263 ejus
1674 4184 1818 4256 struebat,
1832 4184 1928 4241 minine

371 4288 432 4327 non
445 4266 594 4325 dubitarit.
607 4270 756 4327 Hemn-
765 4282 802 4340 4ο
815 4273 940 4351 ἐπαίρειν.
950 4277 1051 4334 Potius
1064 4278 1140 4337 duco
1184 4271 1332 4331 abhorret.
1347 4270 1495 4329 lamblich.
1519 4272 1549 4331 in
1570 4277 1664 4331 Protr.
1683 4292 1720 4331 ex
1740 4274 1855 4331 Platone
1867 4294 1873 4327 :
1885 4273 1927 4328 lu·

372 4358 496 4414 ἐπαινεῖν.
514 4358 709 4425 δίαιται-[μ
724 4357 821 4417 Φάωνι
831 4360 956 4419 Clinton.
970 4366 1048 4424 Fast,
1061 4368 1136 4426 Heli,
1184 4360 1268 4439 δρεύει
1282 4360 1327 4419 καλ
1351 4358 1488 4438 θηρεύεται
1499 4357 1648 4431 ιὴνδοῖαν
1669 4361 1715 4419 ἐπὶ
1735 4360 1839 4441 ἀπάτη,
1860 4357 1928 4418 καλά

372 4445 432 4504 νολ.
454 4464 487 4514 ε,
506 4464 536 4527 p.
556 4464 611 4520 99,
624 4458 654 4502 et
667 4448 827 4506 Meinelrius
841 4450 915 4509 Hist.
926 4454 1007 4509 Corn.
1023 4470 1052 4529 p.
1074 4454 1138 4527 187.
1183 4457 1313 4519 ποιεῖται,
1334 4452 1418 4505 ταῦτα
1432 4448 1628 4517 καλλωπίζεται
1642 4446 1805 4527 ὑπαγόμενος
1823 4446 1875 4513 εὼς
1890 4450 1927 4503 is

372 4528 534 4610 legebatur
547 4530 712 4613 Φαίδρῳ...
726 4543 768 4603 la·
781 4535 942 4603 Φιλοκλέους
956 4542 1065 4597 ilemst.
1084 4548 1139 4601 Le-
1182 4535 1315 4618 δράπους·
1333 4536 1485 4596 commode
1508 4538 1676 4597 scholiastes
1697 4540 1731 4597 ad
1753 4543 1804 4616 sq.
1823 4558 1848 4595 v.
1866 4540 1925 4613 τδρ,

372 4618 495 4699 gebatur
506 4617 655 4707 Διοκλάους.
671 4624 738 4680 Fuit
757 4636 853 4682 autern
868 4626 1010 4686 Philocles
1023 4648 1137 4706 epony-
1183 4626 1327 4709 ὑπέρχεται
1340 4628 1476 4707 exponit,
1488 4626 1620 4707 υπάγεται
1631 4625 1675 4686 τδν
1692 4628 1774 4705 δῆμον
1785 4625 1925 4706 ὑποτρέμων,

304 4743 306 4746 -
372 4728 436 4767 rnus
455 4709 563 4786 olymp.
579 4728 627 4785 97,
644 4730 669 4769 r.
688 4716 758 4769 Post
772 4713 851 4784 αὐτῆς
869 4713 1010 4789 excidisse
1023 4717 1140 4777 videtur
1183 4714 1226 4773 καλ
1255 4714 1405 4773 κολακεύει·
1426 4715 1577 4793 elegantur
1599 4720 1653 4774 Ion
1673 4716 1750 4794 apud
1772 4715 1870 4775 Athen.
1891 4716 1924 4783 ri,

269 4854 274 4863 .
372 4791 548 4874 μεμνημένοι.
565 4799 839 4868 Drrn.-utrtrtr
853 4810 907 4869 τοῖς
924 4802 1138 4886 Ἀριστοριινείοις
1176 4823 1212 4881 p.
1230 4806 1298 4877 604,
1313 4808 1352 4875 D,
1367 4793 1451 4869 aad
1474 4803 1625 4883 ὑκηγάγετο
1646 4802 1691 4861 τὸν
1713 4802 1853 4875 ratim
1872 4802 1925 4857 lere

372 4881 585 4964 ίγγιγραμμάνον
599 4884 725 4965 δράμασι.
742 4888 951 4963 scribendum,
976 4905 1062 4970 puto,
1092 4893 1137 4951 τόν
1181 4894 1282 4951 callido
1295 4906 1447 4950 commento
1459 4895 1599 4968 decepisse
1612 4912 1739 4967 puerum.
1753 4894 1821 4949 Haec
1833 4908 1880 4967 pro
1888 4908 1924 4944 ro

371 4993 440 5028 τισιν
458 4968 675 5050 Ἇρῑστῡφανῑῖοῑι
694 4975 921 5057 δπιγεγραμμίνον
942 4977 1091 5059 δράμασιν,
1106 4994 1138 5039 ut
1182 4980 1236 5039 teri
1251 4980 1374 5039 lectione
1388 4978 1528 5038 firmanda
1547 4991 1614 5038 sunt
1634 4978 1712 5038 satis.
1722 4979 1857 5039 Praeterea
1874 4976 1921 5034 dis

372 5078 471 5117 sensns
483 5057 536 5130 sit,
552 5078 658 5118 nomen
672 5062 834 5125 Philonidis
844 5066 949 5128 fabulis
963 5068 1137 5145 quibusdam
1181 5067 1351 5126 tinctionem
1358 5079 1425 5146 post
1445 5062 1543 5133 Λαίδος
1552 5068 1666 5141 sustuli,
1676 5066 1922 5147 utaptiororiretur

347 5143 577 5242 aristophanis
607 5146 779 5227 inscriptum
806 5152 909 5225 luisse,
939 5155 1000 5214 sive
1031 5175 1136 5217 nomen
1181 5156 1427 5237 sequentibusque
1451 5176 1614 5236 congruens
1643 5158 1722 5215 hune
1750 5158 1780 5214 in
1806 5154 1919 5213 modurn:

372 5233 531 5297 Philonidis
543 5252 597 5310 pru
612 5238 813 5317 Aristophanis
827 5242 856 5299 in
875 5244 1134 5331 commissiorreqla-
1180 5248 1410 5304 uidentnrnutcm
1421 5268 1515 5305 amore
1523 5246 1613 5321 fnisse
1628 5262 1724 5323 cnptnr
1743 5247 1835 5302 Laidis
1845 5248 1916 5305 istite,
