4100 6109
658 480 850 543 scnoLlA
877 480 920 541 ΙΝ
947 480 1141 555 Eoums.
1667 496 1704 547 τε

101 619 212 699 ζομένων
231 614 354 701 ἀργύριον
379 613 567 694 λαμύανόντων
596 614 642 672 καί
666 612 880 695 χειροτονούντων
901 676 906 708 Ι
925 612 1002 679 σθείς.
1016 618 1124 672 τοιαῦτα
1138 612 1166 672 δί
1180 613 1286 673 εἰώθασι
1299 618 1352 682 τοῖς
1364 618 1497 698 τρυφῶσιν
1507 619 1531 674 οἰ
1543 618 1651 685 κολακες
1663 618 1709 677 λε’-

102 712 157 777 τοὼς
165 708 283 774 διδόντας
290 706 381 779 πλέον,
393 704 488 783 (οὑτως
500 701 622 783 ὠνόμασε
630 700 675 761 τδν
684 704 768 780 δῆμον
775 700 818 761 τδν
829 702 883 761 ἀπὸ
902 722 905 741 ·
925 702 1004 780 γειν.)
1016 707 1106 775 τοῦτο,
1119 703 1199 783 φησί,
1210 702 1360 763 κολακεύων
1376 703 1451 784 ἔλεγε
1461 704 1506 763 τὸν
1518 706 1610 783 δῆμον.
1624 706 1709 767 λείπει

102 804 150 859 τῶν
163 796 274 874 κυάμων
283 792 464 876 τρεφόμενον).
926 787 954 847 δί
967 786 1080 868 ἡμέραν,
1093 788 1127 848 ἵν’
1138 781 1170 870 ᾖ.
1180 789 1244 867 μίαν
1257 790 1361 872 ἡμέραν
1374 791 1456 860 έάσας
1466 790 1619 854 ἀδίκαστον.

138 908 173 947 ιτ.
190 882 326 963 (πυκνίτης
340 903 348 942 :
360 880 450 947 Τόπος
460 877 596 951 Ἀθήνησιν
613 877 674 937 ἔνθα
688 876 758 937 ἔστιν
769 876 813 937 ὅτε
833 880 882 949 ἠνι-
966 876 1026 954 (ιι).
1049 875 1122 936 ίνθου
1137 896 1145 938 ι
1164 877 1230 938 ’Eut
1249 884 1295 939 τσῦ
1309 882 1405 959 ψωμαῦ
1417 880 1464 940 καί
1475 884 1521 940 ταῦ
1533 878 1630 941 ἀκόλαι
1641 877 1711 941 οὑτω

80 994 90 1031 ι
102 972 240 1047 ιλησίαζον
250 973 275 1031 οἰ
286 970 426 1041 Ἀθηναῖοι.
437 966 502 1036 πιὼξ
510 965 562 1048 γάρ
571 964 685 1034 τόποςίν
697 964 815 1039 Ἀθήναις
824 964 884 1025 ἔνθα
925 963 1040 1038 λεκτέον,
1050 964 1095 1036 καί
1107 962 1174 1033 όλως
1185 970 1231 1025 τοῦ
1244 975 1346 1049 φαγεῖν.
1721 986 1735 1024 ι

103 1070 118 1135 ἡ
131 1058 258 1133 ἐκκλησία
270 1060 456 1139 συνεκροτεῖτο.
471 1055 516 1115 τὸν
529 1056 613 1133 δῆμον
631 1052 659 1113 δί
670 1052 760 1135 ὥσπερ
774 1052 884 1125 πολίτην
966 1050 1074 1131 ἰντραγε
1090 1074 1098 1114 ε
1109 1051 1190 1114 Οῦτω
1197 1053 1229 1114 τύ
1239 1055 1395 1137 ἀκρατίζειν.
1408 1057 1453 1117 καί
1464 1056 1615 1139 Μένανδρος
1626 1083 1639 1107 ι
1651 1056 1711 1114 lla·

102 1157 145 1223 τῆς
156 1148 255 1216 πνιικδς
265 1138 335 1208 εἰπε.
354 1143 419 1213 τενίιξ
435 1143 463 1203 δί
478 1144 583 1221 λέγεται
596 1141 671 1223 παρίι
684 1142 714 1202 τδ
724 1146 884 1201 πυκνοῦσθαι
927 1168 939 1191 ι
953 1140 1029 1199 λαιὸν
1041 1142 1183 1221 ίντραγτῖν.
1197 1168 1210 1195 ι
1224 1147 1240 1201 δ
1252 1141 1304 1226 γάρ
1317 1143 1419 1217 οἰκέτης
1431 1144 1502 1218 ἀστί,
1512 1141 1653 1226 βαρύτερον
1662 1139 1711 1212 τήν

103 1245 153 1299 εἰιεῑ
165 1235 225 1303 τοὺς
238 1232 394 1315 βωλευνᾶι,
405 1230 423 1305 ἢ
436 1229 489 1291 ἀπὸ
503 1236 548 1289 τῶ
560 1233 748 1289 πΰωκιῶσίαι
760 1236 819 1296 ταῖς
831 1250 884 1286 8⁸·
926 1226 990 1309 πρθι
999 1226 1058 1296 τοὺς
1067 1228 1205 1299 δοκοῦντας
1219 1222 1286 1291 εἰναι
1297 1232 1451 1311 ποιούμενος
1462 1232 1573 1315 τρυφήν,
1589 1252 1712 1311 παρονει-

103 1320 375 1408 θίδραις.δύσκολονδέ
384 1317 754 1402 δυστράπελον.)-πτικνίτης
764 1314 885 1384 ιπνίιξτδ
927 1315 1002 1385 δίζων
1016 1315 1057 1375 ότι
1071 1322 1188 1377 τοσαῦτα
1202 1319 1393 1379 ἀποστέλλεται
1407 1322 1456 1380 οὑκ
1470 1321 1515 1380 ίπί
1526 1323 1639 1393 δεῖπνον,
1651 1317 1711 1376 ἀλλ’

72 1436 93 1473 ιιι
106 1420 129 1476 ἐν
144 1413 265 1485 Ἀθήναις
288 1408 464 1491 δικαστήριον.
486 1405 619 1490 γερόντιον
630 1426 648 1488 ,τ
668 1406 825 1481 αἰνίττεται,
844 1405 885 1463 ότι
927 1404 1229 1484 ἀκρατισμύν.-ένθου
1241 1406 1350 1486 τΦάγε.
1363 1407 1476 1490 ῥόφησον
1488 1430 1497 1471 t
1510 1407 1570 1468 Πίε.
1581 1410 1618 1470 Θ.
1634 1415 1697 1464 Vici.
1727 1426 1753 1467 ιο

104 1500 262 1585 πρωτόγονον
276 1501 300 1559 οί
314 1499 453 1569 Ἀθηναῖοι.
468 1506 497 1555 R.
966 1490 1012 1570 ἔχε
1025 1491 1167 1575 τριάεὺολυν
1186 1494 1262 1555 τΤδν
1273 1496 1424 1557 δικαστικόν
1437 1495 1540 1575 μισθόν.
1562 1496 1621 1557 ίπεί
1633 1497 1713 1581 τραύ·

141 1588 284 1672 [δύσκολον
303 1585 433 1669 γερόντιον
455 1602 463 1644 ι
490 1580 685 1665 Δυστράπελον,
700 1580 885 1665 πρεσῦύτερον.
928 1578 1004 1638 ύσλον
1017 1580 1178 1658 έλάμύανον.
1192 1620 1228 1632 -
1240 1586 1277 1650 ὼς
1286 1584 1411 1645 τοσούτου
1422 1584 1494 1651 ὄντος
1504 1589 1551 1642 τοῦ
1562 1586 1714 1646 δικαστικοῦ

105 1682 242 1738 αἰνίττεται
261 1674 291 1734 δὲ
305 1672 349 1733 διίι
363 1671 456 1732 τούτου
473 1674 488 1729 δ
504 1669 614 1742 ποιητὴς
630 1669 679 1741 τήν
698 1668 825 1751 ἱστορίαν,
845 1667 886 1727 ότι
928 1673 972 1726 νῦν
984 1667 1030 1727 καί
1041 1674 1087 1728 τοῦ
1098 1670 1328 1743 ίκκλησιαστικοῦ.
1339 1673 1389 1753 ούχ
1403 1670 1599 1751 ύμοίωςδίοἰιδί
1608 1673 1711 1734 τδαῦτδ

105 1764 199 1847 πρῶτοί
211 1786 241 1823 τι
255 1760 304 1822 καί
320 1760 472 1841 αὐτόχθονας
485 1762 510 1819 οἱ
521 1757 677 1839 Ἀθηναῖοι.)
692 1756 829 1839 ὑπόκωφον
844 1756 886 1831 δέ,
929 1753 1066 1835 διιύριατο,
1090 1757 1160 1817 ἀλλδ
1179 1757 1249 1818 κατὰ
1271 1759 1409 1843 διαφόρους
1421 1758 1529 1843 καιρούς
1547 1759 1667 1844 διάφορος
1682 1754 1715 1835 ήν

73 1878 93 1915 ιι
106 1856 178 1915 ότιού
193 1862 279 1911 πᾶσιν
296 1849 427 1921 ἐπείθετο,
445 1847 515 1906 ἀλλὰ
532 1849 714 1929 προσεποιεῖτο
729 1845 767 1928 μὴ
783 1844 886 1906 ἀκούειν
928 1842 997 1903 καίθ
1010 1844 1110 1922 μισθός.
1125 1855 1156 1903 Ιι.
1730 1870 1754 1911 ης

106 1944 163 2023 (τῶν
172 1937 344 2019 λεγομένων).
700 1944 704 1949 “
968 1952 1004 1993 ιι.
1027 1932 1114 2011 μάζαν
1131 1933 1283 2015 μεμαχότος
1299 1936 1364 1997 :Tb
1380 1935 1534 2018 πεφυρμένα
1555 1935 1663 2019 ἀλευρα.
1680 1941 1716 2005 ὼς

141 2050 175 2089 ιι.
194 2022 746 2107 ἡπροτέρφνωμηνίαείῇπαριλθώση.
759 2020 887 2101 (τουτέστι
929 2018 972 2078 ίπί
982 2020 1156 2102 τροφῆςδίτδ
1165 2021 1324 2103 κατόρθωμα
1333 2015 1414 2083 εἶπεν.
1457 2018 1577 2100 (Ἄλλως.
1587 2030 1663 2085 τοῦτο
1672 2023 1717 2106 ἀφ’

107 2116 203 2177 νεωστί.
214 2114 260 2173 ἰνα
275 2114 348 2191 δείξῃ
362 2113 406 2172 τὸν
418 2109 529 2173 Κλέωνα
544 2113 573 2170 αὑ
586 2110 672 2169 πάλαι
688 2114 736 2182 τῆς
753 2110 887 2177 πολιτείας
929 2107 1045 2190 ἱστορίας
1065 2108 1189 2183 τέθεικεν,
1207 2103 1239 2183 ής
1253 2109 1385 2190 μίμνηται
1398 2110 1445 2171 καί
1455 2112 1619 2185 Θονκυδίδης
1628 2114 1715 2193 [ι,αν].

107 2202 292 2285 τετυχηκότα.)
304 2204 333 2262 ίν
341 2201 369 2261 δὲ
378 2208 435 2268 ταῖς
440 2198 592 2275 νουμηνίαις
605 2201 629 2258 οἱ
641 2200 729 2258 δοῦλοι
738 2200 887 2259 ίπιολοῦντο
929 2195 985 2277 έχει
1000 2196 1029 2256 δδ
1041 2195 1131 2266 οῦτως.
1143 2198 1314 2276 Δημοσθίνης
1324 2199 1471 2281 στρατηγός
1482 2198 1636 2274 Ἀθηναίων,
1648 2202 1717 2260 εἰπο-

75 2322 98 2359 νι
108 2296 149 2357 καί
161 2297 185 2353 οἰ
198 2290 345 2373 στρατηγοὶ
357 2292 569 2369 ἒχειροτονοῦντο.
930 2283 1035 2352 σταλεὶς
1051 2287 1087 2353 εἰς
1105 2286 1230 2347 Σικελίαν
1245 2285 1289 2346 διδ
1306 2287 1351 2347 τὸν
1371 2285 1462 2347 αὑτόθι
1479 2286 1604 2366 πόλεμον,
1623 2310 1715 2370 παρει-
1729 2312 1757 2351 n
1856 2278 1868 2299 ‘

143 2401 176 2443 ις.
197 2377 379 2461 (βυρσοδέιῂν
391 2373 555 2457 Παφλαγόνα
568 2393 577 2435 t
589 2373 700 2456 Βυρσία.
711 2373 850 2453 συμῦαίνει
860 2373 888 2434 δί
929 2370 1017 2431 πλόων
1030 2371 1077 2446 τήν
1095 2372 1186 2435 Πύλον
1197 2374 1243 2434 καὶ
1252 2374 1301 2447 τήν
1313 2373 1486 2456 Σφακτηρίαν
1498 2376 1609 2455 δυνάμει
1620 2380 1718 2457 προλα·

109 2470 206 2536 ταύταις
228 2470 260 2527 θα
277 2472 328 2526 τοῦ
346 2464 483 2547 ίμῦρέχειν
499 2460 534 2521 τίι
554 2460 747 2543 δέρματα,καί
770 2462 888 2523 πλείοσιν
931 2458 995 2533 ύὼν,
1013 2462 1178 2541 τριωιοσίως
1191 2461 1570 2545 εἰληφεναίχμαλάιταις,καί
1584 2464 1717 2539 ἀδήλωσεν

110 2564 148 2613 ιάν
169 2553 284 2635 ἡμέραις
299 2552 370 2613 αὑτά
392 2554 429 2620 εἷς
444 2550 475 2610 τδ
497 2549 649 2632 φάρμακον,
666 2550 710 2609 ἰνα
730 2549 889 2623 διαλάθοιεν,
931 2548 1074 2622 Ἀθηναίας
1087 2552 1115 2611 τί
1131 2552 1269 2631 βούλονται
1287 2552 1349 2635 περί
1368 2550 1467 2627 ταίτων
1482 2552 1611 2633 γενέσθαι.
1628 2554 1717 2613 ἄλλων

111 2644 157 2700 απὸ
166 2646 212 2713 τῆς
223 2645 313 2719 ὀσμῆς
326 2646 372 2701 τοῦ
389 2660 418 2699 τε
429 2638 522 2707 ὑδατος
532 2637 578 2697 καί
590 2641 644 2697 τῶν
658 2637 795 2721 δερμάτων
806 2640 890 2718 μολυ-
932 2636 959 2696 δί
971 2636 1039 2697 ἀλλα
1050 2638 1189 2717 λεγόντων,
1197 2638 1290 2701 Κλίων
1302 2638 1418 2707 ἀναστάς
1426 2640 1603 2720 ἐπηγγείλατο
1612 2645 1718 2723 ήμερῦν

78 2764 99 2799 η
111 2729 224 2808 νομένως
237 2728 325 2809 ἄχαρι
338 2726 472 2789 δδωδίναι.
487 2724 624 2785 διαὺάλλει
636 2717 681 2785 οῦν
694 2730 729 2794 ὼς
743 2724 889 2805 δύσοσμον,
932 2724 1042 2806 άριθμδν
1055 2728 1193 2808 προσθείς,
1213 2725 1278 2787 εἰσιν
1291 2726 1395 2787 ἐκείνων
1416 2726 1486 2795 έξειν
1500 2728 1609 2803 αὐτούς,
1627 2732 1663 2797 ὡς
1673 2727 1717 2808 γί-
1730 2755 1757 2793 ιι

110 2820 188 2885 ἄλλως
197 2840 227 2877 τι
243 2817 291 2877 καί
305 2816 355 2888 τήν
367 2814 498 2877 ιθτίλιιαν
512 2813 626 2873 δείκνυσι
637 2818 682 2874 τοῦ
695 2814 830 2888 ἰίλίὼνος,
845 2814 890 2898 ἀφ’
931 2814 1004 2889 λωτη
1017 2814 1101 2876 πολύν
1112 2816 1171 2876 κατ’
1182 2819 1261 2876 αὑτοῦ
1275 2816 1404 2895 γενέσθαι.
1419 2810 1527 2895 ἀγαγὼν
1541 2814 1569 2876 δέ
1581 2814 1720 2887 αἰτοὺςὼς

109 2908 159 2975 οἰας
168 2909 251 2988 τύχης
258 2906 414 2988 ὁρμώμενος
420 2902 626 2987 ίπράιτενσετῦεν
638 2903 787 2975 Ἀθηναίων.
798 2904 890 2977 ίπιιδι)
932 2902 1000 2962 ἰδίαν
1009 2900 1484 2986 πρᾶξινκατορθύσαςίπεσεμιύνετα.
1524 2902 1636 2974 Ἄλλως.
1646 2908 1718 2985 έντῇ

110 3000 124 3055 ὑ
142 2994 227 3075 παι-ηρ
245 2996 332 3054 αύτοῦ
352 2989 509 3073 ἰίλειύνυμος
523 2990 694 3074 ἐργαστήριον
717 2982 773 3079 εἰχε
791 2990 890 3053 δούλων
934 2990 1025 3072 Πύλῳ.
1037 2990 1116 3059 τόπος
1129 2988 1157 3051 δί
1170 2984 1245 3060 οὑτος
1255 2996 1302 3065 τῆς
1313 2994 1469 3064 Λακωνικῆς
1480 2992 1583 3066 στανδς,
1600 2990 1718 3076 διείργων

113 3086 200 3167 βυρσοθ
236 3084 294 3160 Ι“ν.)
479 3112 485 3123 ·
933 3080 979 3140 καί
993 3079 1166 3161 ἀπαχωρίξων
1178 3078 1224 3148 τδς
1235 3080 1288 3140 ἀπδ
1301 3084 1349 3153 τῆς
1361 3080 1514 3149 Θεσσαλίας
1524 3080 1570 3141 καὶ
1585 3084 1718 3143 Λακεδαι-

80 3202 102 3239 ,ιη
146 3192 179 3233 ιι.
202 3173 212 3249 (
300 3166 446 3247 καταγνούς
464 3166 639 3249 ιΘισιρήσας.
651 3166 760 3247 περιττή
776 3172 794 3239 ή
812 3166 889 3230 κατά.
934 3166 1025 3247 μανίας
1036 3168 1165 3235 εἰσόολάς.
1180 3167 1241 3228 ἔνθα
1255 3168 1302 3229 καί
1311 3167 1444 3237 Λεωνίδας
1456 3168 1581 3252 πρότερον
1595 3165 1648 3230 σῦν
1659 3172 1719 3231 δία·
1731 3191 1759 3230 συ

112 3251 158 3320 οἷον
171 3256 336 3337 καταμαθὼν
350 3256 397 3315 καί
410 3254 571 3333 αἰσθόμενος.
580 3254 645 3337 πρὸς
657 3253 770 3337 έμφασιν
780 3254 892 3315 δίπλεί-
934 3254 1049 3316 κεδύνων
1072 3254 1214 3337 βασιλεῦς,
1238 3256 1295 3335 άμα
1322 3256 1368 3316 καί
1392 3255 1579 3339 Σπαρτιατῶν,
1607 3256 1718 3331 ἀντέστη

114 3370 155 3405 ινα
167 3338 222 3405 εἰπε
235 3351 285 3405 τοῦ
303 3344 406 3423 μαθέιν.
420 3341 596 3423 διενηνοχέναι
607 3340 709 3425 δίφασι
719 3340 749 3402 εδ
760 3346 893 3421 καταγνιῦ-
936 3343 1023 3427 Ξέρξῃ
1035 3346 1074 3426 τῷ
1082 3346 1136 3403 τῶν
1148 3346 1260 3426 Περσῦιν
1271 3336 1398 3425 βασιλεῖ,
1405 3343 1451 3404 καί
1463 3343 1574 3412 πολλοῦς
1582 3347 1635 3404 τὼν
1648 3346 1721 3425 Περ-

113 3456 150 3493 ναι
161 3434 203 3493 καί
217 3436 364 3512 ἰπιγνῦνναι
377 3430 477 3511 ταύτῃ,
490 3428 530 3490 ότι
541 3431 572 3489 τδ
586 3428 635 3509 μίν
646 3434 812 3509 καταγνῶναι
823 3430 893 3498 ἰδίεις
935 3438 988 3495 σῶν
1003 3431 1173 3505 ἀποκτείνας,
1194 3432 1338 3514 ἀριστεύων
1354 3430 1525 3506 έττλεύτησε,
1536 3432 1677 3501 κυκλωθείς
1690 3435 1721 3493 ίκ

114 3522 152 3582 ίπί
169 3520 279 3601 διαὺολῇ
303 3519 351 3578 καί
368 3517 480 3599 ποιηρίφ
497 3516 615 3596 λέγουσιν
633 3520 657 3579 οἰ
670 3517 794 3593 παλαιοί,
809 3516 841 3577 τδ
865 3516 893 3577 δὲ
936 3518 1091 3601 προδοσίας,
1101 3518 1246 3601 Ἐφιάλτου
1254 3518 1323 3587 τινδς
1336 3518 1465 3588 δείξαντος
1478 3524 1532 3588 τοῖς
1546 3518 1664 3603 Πίρσαις
1676 3520 1720 3580 διίι

82 3634 104 3673 τι
115 3610 245 3685 ίπτγνῦνισι
263 3606 366 3666 έπίταῦ
379 3606 514 3687 γνωρίσαι.
527 3604 663 3683 γνῦναιδί
690 3606 752 3689 ωρίς
763 3612 811 3678 τῆς
823 3606 893 3666 κατά
935 3610 988 3667 τῶν
1000 3610 1068 3687 ἀρῶν
1086 3606 1154 3667 δδόν.
1169 3608 1282 3666 ἐνταῦθα
1301 3598 1347 3667 οὑν
1364 3610 1380 3668 ὑ
1399 3606 1568 3687 Δημααθίνης
1588 3606 1719 3668 ἀπόθεσιν
1733 3632 1763 3675 τι

115 3694 267 3777 προθέσεως,
286 3694 321 3753 τδ
332 3698 432 3772 μαθεῖν.
444 3692 588 3771 καταγνούς
600 3684 653 3768 dv,
667 3628 720 3753 όίον
734 3696 894 3773 καταμαθὼν
935 3690 1112 3775 ποιησάμενος
1126 3694 1173 3755 σὺν
1184 3694 1293 3774 όλίγοις,
1303 3694 1442 3777 ἐξετείχισε
1453 3693 1484 3755 τὸ
1494 3693 1601 3777 χοιρίον,
1615 3695 1660 3755 καί
1671 3720 1722 3755 κα-

115 3782 332 3860 καίαίσθόμενος.)
936 3782 1048 3855 τίατησε
1063 3782 1193 3865 φρούριον.
1209 3780 1721 3863 βοηθησάντωνδίτῶνίἰακεδαιμονίων

150 3888 183 3932 ιι.
203 3874 227 3949 (ὁ
242 3866 475 3952 βυρσοπαφλαγὼν
488 3888 495 3930 :
510 3868 637 3948 Σννίμιξε
648 3868 679 3927 τδ
694 3868 768 3947 γένος
782 3870 828 3931 καί
846 3870 895 3943 τήν
937 3872 981 3931 διδ
994 3870 1092 3951 τάχους
1104 3863 1234 3952 Βρασίδου
1250 3877 1473 3954 στρατηγοῦντος,
1488 3870 1565 3939 αύτός
1577 3896 1606 3931 τε
1620 3874 1635 3932 δ
1647 3876 1721 3954 Βρα-

117 3958 212 4038 τίχνην,
224 3958 268 4016 ἰνα
283 3956 315 4016 τδ
324 3958 404 4015 πλέον
417 3954 545 4036 ὀνειδίσῃ,
556 3954 707 4038 προσθήκης
718 3956 895 4041 ίκατίρουγι-
937 3960 1012 4027 σίδας
1025 3958 1144 4019 ἀπίῦαλε
1155 3958 1204 4031 τήν
1218 3959 1316 4019 ἀσπίδα
1331 3959 1377 4020 καί
1387 3960 1481 4020 πολλοὶ
1488 3962 1540 4019 τῶν
1550 3960 1720 4038 Λακεδαιμο-

86 4080 107 4119 η,
117 4046 214 4125 ιομένου
227 4044 360 4126 θατέρου.)
937 4048 998 4107 νίων
1012 4045 1141 4106 ἀπίθανον
1152 4048 1179 4105 ἰν
1189 4050 1223 4127 τῇ
1234 4044 1320 4128 μάχη.
1335 4046 1398 4108 ίνιοι
1407 4047 1436 4107 δὲ
1444 4046 1589 4130 κατέφυγον
1601 4070 1720 4109 καταπο·
1733 4068 1761 4109 ιο

152 4133 287 4193 ὑποπεσὼν
301 4153 309 4194 :
324 4131 493 4213 ὑποδραμὼν,
507 4130 633 4193 ὑπελθὼν.
650 4142 677 4192 V.
693 4143 755 4193 νισι
937 4135 1058 4214 νούμεναι
1071 4137 1107 4202 εἰς
1120 4132 1169 4206 τήν
1180 4135 1239 4194 κατ’
1251 4134 1360 4218 ἀντικρύ
1373 4134 1468 4208 νησίδα
1479 4135 1528 4207 τήν
1540 4135 1720 4218 Σφακτηρίαν.

152 4242 185 4282 ιιι.
208 4222 336 4301 (ήκαλλεν
353 4242 361 4281 z
380 4220 521 4281 Δίκάλλειν
534 4219 590 4279 ε’στί
602 4222 633 4280 τὸ
645 4220 690 4279 τδν
700 4221 767 4281 κύνα
781 4226 835 4290 τοῖς
845 4223 895 4283 ὼσί
937 4224 982 4285 καὶ
994 4223 1099 4291 αὗτδςδ
1117 4222 1287 4300 Δημοσθένης
1305 4226 1492 4306 μετεπέμψατο
1512 4223 1566 4283 ἀπδ
1580 4226 1632 4282 τῶν
1643 4222 1721 4297 Ἀθη-

119 4310 159 4367 καὶ
171 4313 273 4391 τῇαίρᾳ
285 4308 386 4368 σαίνειν
400 4306 459 4375 τοῦς
468 4308 605 4381 ήθάδας·ή
621 4308 674 4369 ἀπδ
683 4319 833 4393 μεταφορᾶς
843 4314 895 4370 τῶν
937 4312 1026 4383 ναίων,
1041 4314 1076 4378 ὼς
1092 4311 1125 4369 δν
1138 4310 1238 4369 πλείονι
1250 4310 1360 4390 δυνάμει
1369 4310 1537 4393 χρησάμενος
1552 4308 1612 4377 τοίις
1627 4308 1723 4391 ἄνδρας

120 4398 302 4477 ἀλεκτρυόνων.
316 4397 434 4457 κάλλαια
445 4396 497 4480 γάρ
510 4400 630 4457 καλεῖται
639 4398 739 4459 τούτων
752 4400 786 4458 τό
796 4398 893 4478 γίνεια.
937 4398 1128 4479 ἰκπολιορκοίη.
1141 4402 1155 4457 δ
1168 4390 1213 4458 οῦν
1229 4397 1322 4461 Κλέων
1336 4400 1411 4479 γνοὺς
1425 4396 1465 4458 δτι
1476 4395 1528 4457 ὑπδ
1545 4402 1592 4470 τῆς
1607 4392 1723 4475 ἀνάγκης

89 4516 111 4557 ις
121 4487 207 4544 πολλαί
218 4484 246 4545 δὲ
262 4489 292 4545 αἰ
305 4484 401 4558 λέξεις,
419 4483 488 4545 ἀλλὰ
499 4484 529 4544 τδ
543 4486 735 4565 σημαινόμενον
747 4486 785 4549 έν.
805 4488 896 4549 ίκολό·
936 4489 982 4548 καί
993 4490 1072 4564 λιμοῦ
1083 4487 1129 4546 καί
1138 4486 1227 4568 δίψαις
1237 4488 1287 4565 οὑχ
1300 4478 1389 4547 οἷοίτε
1402 4486 1506 4557 ἔσονται
1516 4484 1634 4546 πλείοσιν
1646 4484 1720 4545 ἀντί·
1734 4510 1761 4550 ιι

208 4572 216 4593 Ι
937 4601 944 4615 ἢ
1051 4574 1059 4598 Ι
1243 4574 1252 4617 χ
1292 4580 1309 4594 u
1613 4580 1631 4595 Ν
1707 4608 1722 4620 .

121 4576 896 4747 κυίιίαήίιύσκυλματίοιςιΤαῖςπερικεκομμένοιςκαίἀπορ-
937 4572 1575 4746 ίόίίίδίίύιρόφίίιιίόίίρδίίίὼ,τουτίύρίίιγθδίιιλοίίςοξτᾶόιίὸ
1583 4597 1723 4741 δτήίεοῖρλί

122 4756 207 4827 ριφεῑσι
218 4748 342 4831 δέρμασι.
352 4749 473 4827 βούλεται
480 4748 508 4807 δί
520 4747 613 4827 λέγειν,
625 4746 756 4829 λογαρίοις
767 4750 895 4829 αἱμύλοις.
937 4750 1015 4813 λάύοι
1026 4750 1146 4829 δύναμιν,
1155 4754 1192 4817 ὼς
1200 4751 1270 4809 αἰτεῖ
1277 4750 1458 4829 Δημοσθένης,
1469 4749 1643 4828 ἐπηγγείλατο
1651 4749 1723 4818 ἰντδς

123 4835 185 4894 τδδὲ
195 4845 249 4896 τάν
261 4838 336 4918 αύτῷ
349 4838 451 4914 νόημα,
462 4836 502 4896 ότι
513 4836 599 4915 λύγοις
613 4836 731 4910 ίξηπάτα
746 4838 791 4897 τδν
803 4840 896 4917 δῆμον,
915 4898 918 4909 ,
939 4840 1038 4901 εἴκοσιν
1061 4842 1168 4919 ἡμερῶν
1194 4838 1375 4919 παραστήσειν
1398 4838 1458 4907 τοῦς
1480 4838 1721 4922 πολιορκουμένοις.
1753 4900 1757 4909 ‚

92 4926 216 4989 ωδακαῦσι
227 4924 278 5001 μλν
290 4924 420 5008 ὼφίλειιίν
429 4948 487 4985 τινα
501 4924 579 5007 ἔχειν,
595 4925 742 5004 βλάπτουσι
758 4925 785 4985 δί
801 4927 834 4985 τὰ
849 4926 897 5005 μί-
939 4930 984 4989 καί
1005 4926 1074 4988 οῦτοι
1085 4927 1256 4995 διεκπλεύσας
1270 4926 1315 4986 καί
1336 4926 1395 4995 τοῦς
1412 4927 1611 5006 Λακεδαίμονας
1622 4926 1721 4997 λαύὼν,
1736 4950 1762 4989 ιο
1885 4954 1891 4963 ·

123 5032 202 5087 γιστα.
220 5010 332 5080 Ἄλλως.
346 5012 517 5093 κοσκύλματα
527 5016 668 5073 καλοῦνται
678 5012 711 5072 τίι
722 5012 849 5093 περιττδ,
863 5014 896 5074 τά
940 5016 1023 5084 ἔδοξεν
1038 5018 1124 5084 αύτοίς
1138 5019 1281 5097 κατορθοῦν
1293 5014 1324 5074 τὸ
1334 5021 1380 5074 τοῦ
1393 5016 1577 5095 Δημοσθένους
1590 5020 1604 5075 δ
1618 5014 1720 5087 ἰίλίων.

124 5099 322 5179 περιτεμνόμενα
330 5100 442 5160 ἀπδτιῦν
452 5100 646 5177 καττυματίων.
657 5101 842 5181 καττυματίοις
853 5094 898 5169 οῦν
941 5103 1065 5185 ἐπειράθη
1079 5104 1129 5187 γδρ
1141 5103 1295 5187 ὑφαρπάσαι
1307 5104 1337 5163 τδ
1350 5104 1423 5172 τέλος
1436 5107 1488 5163 τῶν
1498 5102 1595 5164 ίκείνου
1609 5102 1721 5179 πόνων.)

124 5183 198 5260 λέγει,
211 5187 328 5247 εὐτελέσι
342 5187 457 5267 ῥήμασιν
471 5188 673 5270 ἢπράγμασιν.)
979 5212 1014 5251 ιε.
1035 5192 1235 5273 πανουργότατα
1255 5213 1263 5255 :
1276 5192 1345 5253 Δίαν
1362 5197 1517 5273 πανοῦργος.
1543 5192 1722 5275 περιδραμὼν,

160 5276 210 5349 μιν).
230 5276 370 5344 ἐκδικάσας
381 5277 444 5354 μίαν
461 5298 468 5338 :
483 5276 610 5345 Δικαίσας.
622 5276 696 5358 [ὼσεί
713 5275 785 5355 ἔλεγε
797 5302 898 5357 γυμνα·
940 5279 1098 5361 ὑφαρπάσας
1111 5278 1295 5355 ε’λπατήσας,
1309 5282 1461 5362 περιελθὼν.
1482 5290 1543 5339 ἰίει.

1595 5387 1616 5427 ἀ.
