4100 6109
357 438 414 490 ms

389 574 429 613 444
446 558 529 609 tantae
542 552 708 604 crudelitatis
722 551 855 611 poenituit,
870 548 1050 610 miseruntque
1066 545 1121 593 4744

388 632 450 682 4444
466 628 572 678 auctore
588 624 633 685 qui
651 620 754 669 diuersa
771 621 932 681 imperarent
948 616 1054 667 choreti
1065 630 1072 663 :
1085 616 1121 661 sic

388 701 493 751 4444444
503 694 597 751 arbas
607 705 656 754 qua
666 690 740 741 cleon
750 691 805 753 plus
818 702 892 751 quam
901 686 1060 750 quadraginta
1075 684 1120 733 mi·

390 784 434 819 nas
445 767 510 816 4444
521 763 643 825 4444444444
655 763 796 811 accusatur
806 763 855 823 ltq-
869 763 914 808 834
924 772 963 821 sq.

359 844 521 902 4144444444
531 834 622 884 urbem
637 830 816 883 Themistocles
825 830 859 879 44
867 831 1015 879 Artaxerxe
1023 826 1121 884 accepit

349 983 354 989 ι
389 908 600 971 adiumnti.

732 1000 772 1066 N.

359 1125 416 1176 Nais
426 1121 550 1180 meretrix,
565 1115 713 1180 Gerpt.,sr·.
726 1120 782 1176 tta,
791 1128 818 1164 a.

360 1190 431 1251 Neai,
437 1190 480 1251 sr.
499 1192 551 1239 434.

359 1257 575 1321 napumnpotto
586 1255 668 1311 4444,
680 1254 749 1305 Nun.
762 1258 814 1303 444.

360 1328 509 1380 nasturtium
519 1343 524 1374 :
534 1327 590 1389 ejus
602 1328 640 1375 uis
648 1327 744 1374 elusus
755 1322 828 1386 apud
842 1325 943 1379 Persas,
956 1318 1056 1369 lhesrn.
1067 1324 1121 1367 444.

360 1404 448 1449 Natare
457 1398 571 1459 supinum
583 1394 726 1455 docebatur,
732 1393 776 1455 fr.
788 1396 842 1442 454.

359 1471 441 1519 Notas
450 1468 514 1517 olim
525 1465 706 1527 absumebant
717 1463 797 1513 tribus
804 1461 900 1526 lapillis,
912 1464 974 1512 Pac.
992 1466 1059 1511 4484.

360 1540 522 1590 h'mclericce
534 1539 654 1600 pecunia
670 1552 680 1584 :
697 1548 730 1584 44
749 1537 782 1583 iis
807 1534 889 1583 theeri
907 1532 1018 1594 Delphos
1036 1533 1124 1579 eunias

391 1605 750 1669 uiaticumaccipiebant,Av.
766 1606 834 1653 4544.

359 1678 549 1726 Naucr·ari.·in
560 1688 651 1725 eorum
666 1676 752 1724 locum
769 1672 900 1724 Clisthene
916 1671 957 1721 444
972 1670 1062 1719 Solam
1078 1682 1124 1717 arc·

390 1750 462 1794 ctare
470 1743 611 1794 succedunt
627 1742 769 1797 demarchi,
783 1741 852 1792 Nub.
866 1744 904 1791 37.

360 1814 551 1876 Naufragus,rei
560 1814 600 1863 1444
607 1813 743 1875 Naufragus
751 1812 842 1874 (tabula
850 1810 931 1875 spuria
938 1808 1123 1872 Aristophanis),

362 1956 507 2017 Naupactii
518 1970 527 2003 :
539 1964 629 2003 coriam
640 1953 774 2014 Dionysia,
788 1950 847 2002 Ach.
860 1955 912 2000 494.

360 2026 519 2086 Nauptnute,
537 2022 587 2071 4444
605 2023 737 2082 Nessonis,
749 2020 845 2083 fictum
866 2032 958 2071 nomen
976 2021 1091 2069 triremis
1108 2028 1126 2065 a

390 2100 455 2153 ναῦς,
468 2096 491 2141 Ε
511 2130 516 2140 .
533 2096 600 2142 tion.

361 2106 507 2224 Nauplius?
513 2163 594 2224 pater
605 2158 757 2209 Palamedis
765 2161 792 2209 et
802 2162 897 2221 OEacis,
913 2158 1010 2208 Thessa.
1023 2160 1076 2207 774.

361 2230 520 2293 Nausicpdcs,
534 2231 575 2279 acl
587 2228 746 2293 ipsesarinoe
762 2228 888 2285 uenditor,
900 2229 942 2279 ael
953 2232 986 2277 iis
996 2229 1124 2287 intumus,

392 2300 434 2349 uel
442 2311 556 2362 pauper,
570 2299 641 2349 dccl.
654 2302 709 2347 444.

362 2370 531 2429 Nausimachc,
541 2382 631 2417 nomen
641 2367 769 2429 muliebre,
783 2366 880 2418 Theseu
894 2370 949 2418 844.
961 2370 1029 2417 Erat
1047 2380 1125 2417 44444·

394 2444 449 2490 trin
459 2454 488 2490 co
497 2442 609 2499 nomine,
624 2438 687 2489 ibid.

362 2520 452 2563 Nauae.
467 2513 527 2563 lide
537 2512 689 2574 Nauphante.

362 2584 505 2644 1444441444,
509 2584 553 2645 sr.
567 2590 604 2633 tt.

362 2655 472 2704 Nasisut
482 2653 665 2716 guhemeturiu
675 2652 813 2702 uehementi
826 2655 908 2713 rento,
922 2657 987 2703 Nan.
996 2656 1044 2703 994
1059 2665 1125 2715 sqq,

393 2724 444 2774 sch
457 2730 524 2774 4444.
540 2724 600 2773 lide
609 2724 793 2783 Panntlreuaica,
804 2722 910 2783 Paratus,
918 2722 1054 2771 saluninia.

362 2797 468 2845 Nouium
478 2796 615 2845 charontis.
632 2795 693 2844 lide
703 2796 808 2844 citeron.

362 2872 455 2925 Naxus,
465 2866 553 2914 insula
561 2878 595 2913 ex
605 2863 768 2926 custoditio,
779 2863 810 2912 ab
819 2862 1003 2913 Atheniensibus
1012 2868 1083 2926 capte
1092 2866 1128 2913 est

393 2936 441 2985 sub
457 2938 605 2995 Pisistrato,
624 2938 694 2997 Vesp.
716 2940 768 2984 355.
785 2937 879 2985 Nonus
899 2936 1035 2997 Apollinis,
1055 2936 1128 2997 apud

394 3008 532 3060 Ananiam,
554 3010 619 3055 Nan.
639 3011 693 3055 444.
712 3006 853 3067 Ναξιουργὴς
877 3006 1021 3065 motharius,
1036 3006 1128 3068 palbras

393 3077 456 3124 alirn
481 3078 564 3125 Nauit
584 3075 728 3125 utebantur
752 3078 821 3123 mart
838 3077 1026 3137 potentissimi,-
1050 3078 1128 3125 erant

394 3148 474 3195 etiarn
484 3145 561 3195 lembi
569 3148 725 3208 Nahum-ptis,
739 3148 878 3195 structura
889 3144 924 3193 ab
935 3148 1030 3195 Naaiis
1046 3150 1128 3196 inuen-

396 3218 434 3276 ta,
447 3218 509 3264 Pac.
523 3219 574 3265 443.

364 3285 473 3335 Nebula:
484 3298 527 3348 per
541 3283 659 3333 Nehuiam
673 3284 739 3345 jnrat
756 3284 906 3347 strepsisdes
916 3287 1023 3347 uiijam
1033 3291 1128 3349 muster

391 3354 614 3417 philosopham,
623 3353 690 3402 Nub.
701 3357 755 3402 844.

365 3425 472 3484 4144444,
483 3426 598 3486 Neptuni
608 3426 634 3472 44
645 3423 729 3485 Turris
736 3422 824 3485 ptius,
837 3426 897 3486 Lus.
911 3429 963 3475 438.

365 3492 490 3545 Neoclides
497 3499 588 3555 orator,
599 3492 764 3555 Pelarp.,sr.
774 3498 830 3556 387,
840 3494 929 3559 lippus,
936 3502 1129 3562 perstrinpitur

395 3567 426 3615 ut
437 3563 609 3627 symphonia,
624 3562 684 3625 Jur,
695 3566 842 3626 peculator,
859 3572 1020 3631 perearinus,
1030 3572 1057 3619 et
1070 3574 1130 3619 erat

396 3636 467 3685 lasis
482 3635 576 3695 oculis,
587 3635 657 3685 Eccl-
670 3638 725 3695 454,
737 3635 791 3685 sch.
808 3636 850 3685 Pl.
862 3644 917 3699 445,
930 3644 984 3689 744.
1004 3641 1130 3691 Neoclides

396 3707 476 3771 lippus
485 3706 510 3755 in
521 3706 638 3755 concione
651 3708 765 3755 oraturus
780 3707 893 3769 abigitur,
907 3711 977 3760 Eccl.
996 3716 1127 3763 388-447.

396 3776 522 3827 Neoclides
535 3789 626 3837 cacus,
638 3779 664 3825 at
679 3777 706 3825 iu
721 3777 822 3825 iurando
833 3776 941 3829 videntoe
949 3794 1074 3844 superuis,
1088 3784 1129 3835 Pl.

396 3854 442 3897 845
452 3860 490 3911 sq.
502 3850 536 3896 ln
546 3846 705 3910 puajabulu
715 3850 827 3897 narratur
835 3849 982 3912 Ascuiapius
992 3853 1130 3903 Neoclidem

397 3918 478 3979 prouti
491 3917 630 3966 merebatur
646 3928 754 3979 curasse,
772 3919 889 3969 nimirum
906 3920 1027 3971 4444444444
1042 3924 1094 3983 ejus
1107 3929 1131 3973 44

397 3987 533 4035 casinum
545 4000 643 4049 augens,
656 4001 706 4049 quo
715 3988 810 4048 eiurare
825 3992 908 4050 posset
918 3992 1068 4053 concionem,
1086 3996 1131 4043 748

400 4060 512 4117 -745,44
521 4058 649 4108 edaciorem
659 4059 814 4121 etiamquam
829 4063 1065 4125 erateutereddens,
1075 4070 1129 4115 747.

370 4130 486 4187 Neottus,
496 4127 609 4189 pulcher
621 4141 705 4191 puer:
717 4131 796 4179 talem
812 4130 889 4194 duait
900 4133 1027 4195 Didymus
1039 4136 1075 4185 ad
1086 4150 1131 4187 esr-

397 4196 553 4260 plicandum
563 4199 647 4248 locum
655 4203 699 4249 Au.
711 4204 765 4249 835.

372 4266 491 4331 Nephele,
504 4267 564 4324 dea,
577 4281 647 4319 4444
657 4270 833 4331 Athamantis,
845 4284 878 4321 44
893 4284 922 4321 eo
933 4277 1018 4323 nsoter
1027 4276 1131 4339 Phruui

390 4340 424 4397 ,et
433 4337 521 4387 Helles
535 4355 544 4387 .·
561 4341 709 4401 contempta
720 4353 739 4389 a
753 4344 850 4390 omrito
863 4344 889 4391 in
901 4344 994 4393 catum
1007 4347 1130 4409 44444474,

400 4410 426 4456 44
437 4410 533 4469 cepioni
544 4408 599 4469 ejus
608 4412 714 4459 immisit
724 4410 886 4471 ariditatem,
896 4413 964 4461 Nub.
978 4420 1031 4464 457.

370 4483 505 4540 Neptunus,
525 4480 667 4540 llorerbo'n„
686 4484 732 4529 Aa.
752 4486 807 4541 584,
825 4482 895 4531 Nub.
918 4488 985 4543 reat,
1003 4489 1052 4535 clc.
1069 4490 1133 4539 lone

394 4549 488 4608 junior
498 4550 558 4598 erat
568 4548 710 4599 secundum
725 4554 872 4612 liunurum,
885 4554 953 4601 Nub.
967 4561 1021 4603 544.
1042 4562 1132 4621 Neptu·

402 4630 448 4665 nus
459 4618 553 4680 444444,
561 4620 668 4669 narinus
676 4634 682 4667 :
691 4622 740 4671 alii
749 4623 786 4671 sic
796 4621 830 4671 ab
842 4622 907 4671 urbe
917 4624 1133 4686 Peloponnesiaco

401 4685 501 4735 dictum
512 4690 610 4751 putant
624 4690 711 4753 Alpco,
722 4690 767 4741 ubi
777 4692 881 4752 colitur,
898 4696 959 4755 Lus.
971 4699 1026 4745 443.
1043 4702 1132 4761 Neptu·

401 4768 448 4803 nus
461 4764 564 4818 44344444
574 4762 764 4822 promontorium
778 4767 870 4824 444444,
883 4763 926 4812 sali
935 4766 1083 4829 moderator,
1100 4783 1133 4819 44

401 4825 536 4889 Sophocle,
557 4834 623 4880 Nan.
645 4836 776 4881 444-444.
795 4838 932 4895 Neptunus,
953 4840 1032 4885 rector
1051 4840 1133 4901 meris,

401 4893 531 4945 advocatur
540 4912 570 4947 ex
582 4900 701 4963 profundo
715 4901 812 4951 Phesm.
822 4906 954 4953 344-344.
975 4908 1045 4957 Eum
1054 4909 1135 4960 Nubes

404 4969 562 5027 venerantur,
575 4968 685 5019 44444444
695 4970 837 5033 dominum,
852 4976 924 5023 terre
939 4973 964 5024 et
973 4978 1048 5026 maris
1058 4984 1134 5030 moto

402 5037 543 5116 rem,·Nub.
563 5042 609 5087 544
626 5052 665 5102 sq.
683 5042 752 5089 Item
767 5044 921 5105 simpliciter
932 5045 1019 5108 ,dictus
1037 5054 1134 5100 Terram

351 5164 355 5170 η
403 5110 599 5169 aususausus.
624 5113 697 5171 itin,
716 5112 822 5162 14444444
836 5112 905 5173 deus,
926 5120 991 5166 lton.
1013 5122 1081 5169 4344.
1103 5120 1135 5169 Ὠ

404 5176 662 5238 manumittunt.
692 5186 757 5231 1454.
781 5186 917 5245 Neptunus
934 5200 994 5237 mam
1017 5192 1135 5240 Minerua

855 418 970 479 {Nniix
991 410 1166 475 NunrNUN
1191 408 1240 467 Ni*
1264 410 1402 469 hirsuti.

1197 541 1343 591 ceriansde
1354 542 1509 603 possessione
1530 540 1602 589 urbis
1622 539 1793 601 Athenarum,
1803 544 1848 604 Ep.
1867 550 1916 603 544,

1195 624 1276 675 quum
1286 615 1312 661 in
1323 624 1352 661 eo
1363 614 1503 662 certamine
1521 611 1630 671 interior
1640 611 1803 671 discessisset,
1812 611 1840 661 id
1848 613 1915 661 Athe·

1196 682 1326 732 aiensibus
1343 682 1451 744 inflixit,
1463 684 1494 731 ut
1506 682 1580 732 mala
1597 683 1706 731 consilia
1723 685 1837 745 capiant,
1853 683 1913 733 Nsb.

1196 756 1255 812 587,
1272 752 1341 803 dccl.
1355 757 1409 803 478.
1427 756 1520 802 Postea
1538 752 1734 802 Atheniensibus
1747 754 1917 814 principatum

1195 825 1223 871 in
1236 826 1303 872 atari
1318 822 1399 883 dedit,
1415 822 1483 873 Nub.
1503 826 1557 872 344.
1576 824 1702 883 Neptunus
1713 822 1794 871 dictus
1803 824 1918 887 4444444-

1196 908 1243 953 τος,
1256 896 1283 941 in
1292 896 1369 942 sunio
1376 895 1554 956 promontorio
1565 894 1660 951 444444,
1671 905 1713 941 rex
1726 892 1865 953 Pelasgicos,
1874 907 1921 955 pro

1198 962 1356 1025 Pelaspicus,
1375 967 1421 1012 Aa.
1441 968 1495 1013 849.
1513 968 1624 1024 Nymuus
1642 962 1667 1011 in
1688 965 1834 1025 Neptunum,
1851 976 1919 1021 mare,

1197 1046 1282 1095 equos,
1300 1033 1398 1083 currilia
1414 1032 1545 1083 cacumine
1565 1033 1746 1094 moderantem,
1763 1032 1829 1081 84444
1843 1033 1920 1081 adora·

1197 1106 1260 1163 tum,
1273 1106 1424 1163 Geroestium,
1440 1102 1576 1153 aeuituruh
1588 1102 1723 1165 8444441444,
1733 1104 1782 1165 lia.
1797 1105 1921 1160 554-554,

1197 1172 1242 1222 ubi
1256 1186 1279 1222 u.
1290 1172 1380 1222 scholi.
1387 1173 1492 1235 Neptuni
1502 1172 1625 1234 Equestris
1632 1174 1788 1234 siguum,per
1796 1170 1922 1233 quadiumt

1198 1242 1361 1305 Phidippides,
1371 1243 1439 1293 Nub.
1455 1248 1494 1293 88.
1506 1247 1619 1305 Neptuno
1636 1243 1702 1303 oris,
1713 1243 1762 1291 alii
1773 1261 1786 1283 ι
1794 1241 1835 1290 444
1844 1260 1866 1299 ν,
1877 1254 1921 1289 ma·

1197 1315 1287 1370 autur,
1299 1316 1341 1362 An.
1350 1320 1404 1362 544.
1422 1313 1591 1363 Acorinthns
1600 1313 1706 1373 colitur,
1723 1315 1768 1375 qui
1783 1314 1806 1360 el
1819 1310 1922 1361 lslhnriu

1198 1382 1340 1441 celebrant,
1363 1386 1412 1445 liq.
1429 1388 1483 1433 444.
1502 1388 1555 1431 Non
1573 1386 1611 1431 444
1633 1382 1744 1443 iuibrpoe
1770 1380 1796 1429 in
1818 1381 1923 1437 4444444,

1192 1451 1236 1511 sr.
1269 1457 1324 1501 348.
1363 1456 1489 1514 Neptunus
1516 1452 1682 1522 4411444444,
1707 1451 1751 1499 ubi
1782 1452 1840 1499 erat
1866 1454 1922 1499 tem·

1195 1522 1274 1583 plum
1293 1524 1409 1585 Neptuni
1432 1522 1574 1585 Ἀσφαλείον,
1595 1522 1657 1573 Ach.
1682 1527 1737 1571 544.
1761 1524 1797 1571 ln
1818 1524 1923 1571 Tanusii

1199 1595 1313 1655 Neptuni
1324 1594 1418 1657 templo
1428 1595 1543 1654 Helotas,
1552 1596 1597 1657 qui
1606 1591 1762 1641 saliatemibi
1770 1591 1923 1655 querebant,

1198 1664 1345 1715 occiderant
1357 1666 1555 1717 Aacedaemanii,
1569 1665 1631 1715 ibid.
1644 1666 1798 1727 Neptunum
1808 1666 1923 1712 coronarit

1201 1736 1302 1785 llelotae
1315 1736 1350 1798 (in
1362 1738 1504 1797 dramate),
1517 1740 1566 1800 Ea.
1580 1742 1648 1785 1225.
1670 1740 1798 1797 Neptunus
1811 1733 1924 1795 4448444

1199 1804 1273 1867 apud
1288 1806 1452 1857 Athenienses
1463 1808 1568 1867 colitur,
1579 1806 1619 1854 toa
1627 1806 1736 1868 4444444
1747 1805 1857 1863 numeri,
1868 1803 1922 1853 Ach.

1200 1880 1254 1925 884.
1274 1882 1318 1926 Per
1336 1882 1476 1941 Neptunum
1487 1879 1570 1939 jurant
1588 1878 1635 1925 riri
1652 1876 1721 1927 Nub.
1735 1882 1792 1937 845,
1808 1878 1860 1932 itt,
1870 1877 1923 1935 444.

1202 1952 1270 2007 uos,
1284 1948 1381 1999 rhum.
1393 1952 1432 2008 44,
1446 1953 1508 1999 nor.
1521 1953 1572 2007 ua,
1582 1952 1637 2007 474,
1648 1952 1703 2007 ess,
1716 1950 1787 2006 4444,
1797 1946 1863 1995 nort.
1874 1950 1925 2001 aas,

1199 2022 1265 2082 etc,
1283 2022 1370 2072 mulier
1384 2022 1454 2071 Neci.
1472 2025 1526 2071 548.
1546 2022 1577 2071 Ὦ
1589 2022 1705 2071 Πόσειδον
1727 2019 1752 2069 44
1775 2017 1925 2067 admiratione

1201 2091 1263 2139 Pae.
1288 2094 1343 2141 544.
1363 2094 1395 2141 ln
1421 2091 1513 2141 Auibus
1528 2096 1655 2153 Neptunus
1670 2090 1761 2151 tegatis
1778 2087 1927 2137 adiissent

1203 2160 1389 2212 Nubicuculiam
1400 2176 1457 2211 cum
1471 2162 1574 2211 itermle
1590 2160 1734 2211 4444444114
1750 2157 1808 2219 444,
1819 2158 1885 2217 cuins
1896 2158 1927 2204 in·

1200 2234 1327 2285 decentem
1344 2232 1453 2282 liabitum
1466 2244 1530 2294 aegre
1547 2229 1666 2281 14444444
1680 2233 1786 2291 utroque
1803 2226 1926 2277 4444144444

1201 2304 1292 2355 artibus
1303 2302 1414 2365 decepto,
1426 2302 1476 2362 lum
1492 2302 1596 2363 Neptuni
1615 2299 1681 2349 nulia
1693 2300 1803 2361 potestas
1814 2302 1862 2355 est,
1878 2296 1927 2345 inde

1200 2388 1257 2425 cum
1270 2374 1436 2435 indignatione
1447 2372 1534 2421 4414444
1543 2370 1601 2429 abit,
1614 2370 1930 2427 thoi-tatt-Neptuuns

1201 2444 1343 2495 secundum
1357 2444 1496 2494 nonnullos
1507 2454 1567 2492 curn
1580 2440 1731 2502 Melanippa
1740 2442 1767 2487 in
1780 2437 1868 2499 scapha
1878 2450 1929 2485 ean

1201 2528 1312 2579 pressus,
1331 2517 1388 2576 ips.
1405 2518 1457 2563 438.
1471 2516 1554 2561 Pater
1565 2510 1638 2561 Nelei
1649 2512 1675 2559 44
1690 2510 1772 2559 Peliae
1789 2519 1822 2557 44
1839 2509 1927 2568 Pyrene

1202 2588 1310 2647 uimine,
1322 2583 1385 2633 ibid.
1398 2584 1439 2633 44
1448 2582 1526 2643 Alope
1539 2582 1629 2644 oenuit
1646 2578 1870 2640 Hippothoontens,
1887 2580 1918 2625 Ar

1203 2660 1255 2705 458.
1275 2654 1339 2715 ujus
1350 2652 1429 2712 filius
1449 2649 1659 2709 Halirrhothius,
1679 2647 1750 2697 Nat.
1772 2653 1838 2706 4443,
1851 2649 1875 2695 44
1888 2648 1928 2705 44-

1202 2737 1275 2785 curu,
1287 2728 1353 2774 Nan.
1362 2728 1416 2773 943.

1172 2800 1270 2847 Nereus.
1279 2795 1348 2844 Nerei
1357 2793 1442 2861 marini
1451 2792 1515 2852 ilice,
1532 2791 1696 2842 1444444348.

1172 2870 1258 2917 Nestor
1275 2870 1301 2915 ct
1317 2864 1359 2913 alii
1373 2865 1492 2927 sepientes
1503 2862 1567 2925 apud
1583 2862 1717 2911 Numerum
1733 2859 1854 2923 ἀγορητοί,
1868 2856 1928 2907 h'nb.

1208 2941 1273 2988 4457.
1289 2938 1405 2986 Nestoris
1420 2938 1494 2985 nauis
1518 2934 1657 2997 8444444444
1683 2930 1758 2995 aprad
1776 2929 1931 2991 AEschplunr.

1203 3014 1249 3059 Aa.
1266 3013 1332 3057 1458.

1173 3078 1305 3129 Nicarchus
1316 3090 1334 3126 a
1352 3078 1460 3127 44444444
1474 3077 1663 3138 perstrinpitur
1674 3075 1704 3122 ut
1716 3070 1892 3135 sycophanta,
1907 3075 1930 3119 ir

1205 3148 1410 3201 Acharneustbus
1422 3147 1502 3209 prodit
1514 3148 1624 3196 44444444
1636 3145 1772 3203 4414444444,
1783 3142 1881 3191 44414444
1892 3142 1928 3189 br·

1193 3234 1274 3283 ·gcns;
1293 3220 1335 3269 444
1351 3218 1493 3280 uireopohs
1510 3229 1566 3266 eum
1584 3218 1707 3277 arreptum
1729 3227 1774 3276 pro
1793 3226 1849 3263 vase
1869 3213 1929 3261 tictih

1204 3290 1333 3342 sarmentis
1350 3289 1426 3350 illiget
1439 3292 1465 3338 ct
1477 3290 1560 3337 Boeoto
1576 3285 1704 3336 venditum
1721 3284 1823 3333 4444444
1834 3284 1930 3333 autum

1204 3362 1262 3411 dum
1272 3360 1355 3421 trudit,
1365 3364 1494 3411 908-858.

1174 3434 1323 3493 Niceratus,
1333 3434 1411 3493 pater
1421 3433 1513 3488 Nicia,
1524 3430 1571 3492 Ba.
1583 3431 1639 3488 858,
1651 3430 1706 3477 448.

1173 3502 1253 3553 Nicias
1264 3501 1329 3560 444,
1338 3501 1416 3562 filius
1426 3502 1558 3558 Nicerati,
1568 3501 1646 3560 puter
1662 3497 1804 3557 Stratippi,
1819 3494 1928 3543 444444-

1205 3588 1268 3629 aroc,
1280 3574 1327 3634 liq.
1338 3576 1394 3621 358.
1406 3571 1487 3619 Nicias
1498 3569 1565 3618 mille
1581 3568 1710 3617 drachmas
1724 3564 1833 3625 dederat,
1845 3578 1892 3627 quo
1905 3576 1931 3611 ne

1205 3642 1333 3704 imperium
1343 3642 1365 3691 ei
1375 3640 1560 3689 demandaretur
1570 3639 1604 3700 (in
1612 3635 1768 3700 expeditione
1777 3634 1932 3697 sphacterinu

1205 3713 1334 3772 suscepta),
1350 3709 1496 3771 deoru-,su
1510 3715 1561 3759 458.
1573 3710 1662 3759 Nicias
1671 3718 1732 3755 4444
1743 3704 1861 3754 ducentis
1872 3708 1932 3765 equi

1207 3781 1285 3842 tibris,
1298 3781 1389 3831 deinde
1409 3781 1514 3843 hoplitis
1531 3784 1557 3830 et
1573 3778 1682 3829 nauibus
1701 3778 1783 3825 uincit
1801 3774 1837 3824 ad
1856 3776 1932 3823 Corin

1208 3854 1283 3903 thum
1294 3856 1320 3901 et
1331 3851 1487 3911 Cenchreas,
1499 3852 1548 3913 lia.
1559 3855 1613 3899 448.
1634 3852 1668 3898 ln
1685 3860 1738 3910 qua
1745 3846 1848 3906 fabula
1863 3845 1934 3893 Nicias

1206 3924 1371 3973 introducitur
1390 3925 1417 3972 ut
1434 3934 1519 3971 serviis
1538 3919 1636 3981 Populi,
1651 3918 1714 3967 male
1730 3916 1832 3965 habitus
1848 3914 1932 3963 414444

1206 4004 1278 4041 serso
1288 3992 1376 4041 Cicone
1386 4006 1393 4039 ι
1405 3989 1491 4039 timide
1503 3989 1616 4051 propruit
1626 3986 1784 4035 Demostheni
1801 3990 1830 4033 ut
1839 3986 1934 4033 tnisiu

1208 4062 1273 4122 mant
1283 4060 1320 4111 ad
1329 4060 1542 4113 Lacedaemonios,
1556 4062 1644 4116 1-2e;
1657 4055 1745 4105 deinde
1758 4058 1786 4104 nt
1795 4054 1843 4103 diis
1850 4054 1933 4115 suppli·

1206 4136 1272 4191 cent,
1282 4136 1322 4192 tt;
1332 4132 1369 4181 rel
1378 4135 1403 4179 ut
1411 4131 1555 4190 moriautur,
1566 4133 1595 4177 84
1602 4125 1772 4191 sapiendam
1782 4125 1933 4175 [4444444444

1207 4204 1323 4255 scindente
1333 4204 1442 4253 stertenti
1454 4202 1535 4253 cleoni
1545 4201 1608 4263 rapit
1615 4198 1713 4249 oracula
1724 4198 1788 4247 clam
1799 4196 1888 4255 habita,
1897 4202 1903 4243 4
1911 4203 1932 4242 tu

1207 4288 1261 4339 sqq.
1275 4270 1774 4335 444814444444444444444444444444,
1791 4274 1843 4317 454.
1852 4269 1932 4315 Nicias

1208 4347 1241 4395 ab
1252 4344 1451 4395 Atheniensibus
1463 4343 1499 4393 ad
1508 4342 1607 4393 Netum
1620 4337 1827 4402 espupnandam
1839 4342 1931 4393 manu,

1208 4422 1252 4465 Au.
1267 4420 1318 4477 484,
1331 4417 1376 4467 444
1395 4429 1418 4465 o.
1431 4418 1527 4465 notans.
1540 4412 1627 4462 Nelios
1638 4422 1688 4473 per
1697 4408 1805 4469 samem
1815 4406 1930 4469 perdidit.
1949 4418 1957 4441 ·

1209 4487 1243 4536 ib.
1257 4492 1310 4537 343.
1323 4490 1391 4537 Erat
1406 4488 1544 4536 cunctator
1559 4484 1590 4533 ab
1598 4480 1784 4545 prudentiam,
1799 4480 1841 4529 oet
1855 4482 1884 4527 ut
1897 4490 1932 4525 ra·

1209 4560 1371 4609 insanientes
1399 4557 1532 4615 dicebant,
1557 4554 1644 4603 lentus
1666 4564 1717 4614 per
1742 4551 1933 4613 4444444444.-

1208 4630 1280 4679 unde
1298 4632 1443 4691 μελλονικιᾶν
1455 4634 1501 4679 Aa.
1515 4632 1567 4677 454.
1589 4625 1683 4675 Niciam
1697 4635 1801 4685 mperes
1816 4619 1932 4673 44414444,

1209 4706 1254 4752 Au.
1272 4708 1328 4762 343,
1344 4702 1377 4751 44
1394 4701 1487 4765 quibus
1499 4712 1522 4749 o.
1539 4697 1648 4747 suidam
1664 4698 1693 4745 in
1708 4698 1782 4745 nota.
1804 4697 1839 4743 In
1854 4692 1933 4742 4444444
2011 4728 2012 4763 ,

1208 4774 1296 4821 Nicias
1304 4776 1413 4833 1744444
1423 4772 1540 4833 occupat,
1553 4767 1789 4819 4417474444444
1797 4766 1855 4812 erat
1864 4774 1933 4824 quau

1208 4846 1272 4893 Anas
1284 4842 1438 4903 caedantur,
1448 4844 1492 4891 Au.
1504 4844 1564 4901 Ara.
1571 4841 1592 4888 1.
1603 4839 1686 4887 Nicicn
1695 4838 1798 4885 anricus
1806 4830 1933 4894 Diopithes,
2011 4852 2012 4893 ι

1178 4981 1268 5042 Nicias,
1282 4975 1356 5031 44444
1366 4980 1519 5043 numinibus,
1532 4972 1668 5028 14444448.

1179 5050 1663 5113 Nicodiee,nomenmuiieris,hps.³21.
1789 5089 1792 5097 .

1180 5122 1356 5175 Nicomachus:
1367 5121 1389 5171 ei
1404 5126 1503 5185 nepam-'n
1515 5122 1609 5169 restem
1621 5118 1697 5167 mittit
1707 5117 1780 5165 Pluto
1788 5126 1846 5165 eum
1858 5110 1930 5163 uiuit:

1213 5196 1320 5243 notatur
1334 5195 1400 5241 enim
1420 5192 1451 5240 ob
1464 5190 1665 5253 improbitatem,
1678 5186 1722 5241 sed
1739 5198 1792 5235 non
1806 5186 1864 5234 erat
1875 5184 1931 5229 iata
