4100 6109
72 440 73 454 l

71 463 73 480 l

828 424 951 490 etuti.
1615 446 1669 499 ιιι

120 564 177 600 ιιιιιΙ
190 538 360 597 luculentum
374 535 476 595 Soidas
489 534 617 616 ἰιιἋρχὴ
631 535 742 616 laepia,
757 547 785 593 et
803 540 862 593 Eu·
908 554 993 612 quam
1006 538 1084 599 ritua
1096 537 1224 599 eruditos
1234 536 1264 599 in
1275 558 1339 601 erro
1357 556 1401 595 em
1412 534 1534 601 induxit.
1547 542 1600 603 llic
1610 544 1672 623 ipse

119 622 192 691 st'atb.
205 646 238 684 ea
250 625 396 683 Pausanias
407 624 518 683 Lexico
526 622 562 682 ad
574 626 608 683 ll.
621 623 818 701 l‚1›·78²‚5l‚
830 640 863 687 ut
909 627 1001 699 Lycus
1011 623 1058 685 bis
1070 625 1146 685 intra
1160 645 1266 705 paucos
1282 644 1382 687 versus
1393 622 1489 687 Λύκιος
1503 640 1546 685 est
1564 633 1671 689 Pausa-

119 717 239 780 iodicarit
249 716 295 773 lo.
307 717 414 772 bleurs.
424 712 509 771 Thes.
521 733 547 773 e.
560 733 598 790 ²9
611 735 618 769 ε
631 712 741 791 quibus
752 715 863 777 accedit
906 713 961 773 nita
976 735 1002 788 ι,
1016 736 1062 789 19ι
1079 726 1105 783 li.
1116 736 1169 775 nec
1184 736 1266 775 seem
1281 712 1671 795 secretissimum,

118 824 191 886 qoem
203 822 237 864 ea
248 801 348 860 iisdem
364 799 493 859 lontibus
501 818 555 860 sua
564 801 710 860 derivasse
720 802 802 861 credi
810 822 864 881 par
905 804 1047 863 Icarlaset
1053 808 1271 879 icariumlusrrs,
1280 810 1372 865 Iasius
1377 820 1405 867 et
1412 812 1519 867 lession.
1527 810 1671 867 Actoeuset

117 909 161 965 est,
174 891 331 951 scholiastes
338 888 473 947 Aristidis
487 888 706 949 mendosissime
714 891 864 967 multoque
906 893 1032 959 Acmon,
1051 894 1173 951 Glaucus
1182 906 1212 953 et
1224 897 1359 965 Glaucom
1377 895 1485 971 Hyblae
1498 906 1528 957 et
1546 895 1667 967 Hyblon,

66 1017 67 1020 =
117 985 232 1060 segniore
247 996 314 1036 cura
335 996 421 1055 qnam
444 977 581 1037 decuerat
602 996 663 1037 noo
686 978 727 1037 ita
749 979 862 1056 pridem
908 980 1669 1053 EantmetBerytiquuemCallistumdisitSocrat.

118 1072 199 1132 editus
211 1068 268 1127 rol.
284 1087 313 1138 a,
327 1085 358 1143 p.
372 1074 427 1133 alr
443 1087 451 1125 ε
464 1062 568 1136 Oratis
581 1065 634 1125 ύιιὸ
647 1065 735 1125 Λύιιοο
750 1065 862 1146 Ἀθήνῃ·
905 1067 982 1127 Eli.
994 1070 1029 1137 3,
1041 1068 1434 1144 aa,CallistionestLibanio‚
1451 1084 1569 1133 notante
1587 1070 1669 1129 Vale·

117 1182 150 1217 τιν
166 1160 199 1223 sle
216 1154 356 1236 espervila
377 1152 581 1235 mmpavtsrlale
601 1152 796 1234 ἐξωστρακίσθη
817 1159 864 1227 τῆς
906 1152 957 1211 sin.
969 1154 1077 1215 Pendet
1090 1154 1128 1217 ab
1137 1156 1185 1214 illo
1193 1177 1272 1217 more
1287 1159 1479 1237 qrtommdam
1493 1159 1671 1239 patronymi-

116 1248 215 1316 τοδιοιτ,
228 1242 273 1302 sal
286 1232 365 1313 bilta
381 1242 417 1307 tlt
430 1238 552 1321 Στύρων
565 1234 598 1314 ἧς
609 1241 770 1319 Λυκομήδης
781 1234 863 1323 ἦρχον
905 1260 1005 1301 corum
1017 1242 1178 1305 intellectus
1190 1266 1268 1305 :narn
1278 1260 1309 1305 ut
1319 1266 1336 1305 a
1346 1247 1592 1317 Διύιιαλοςοιισίοιὶῑ
1601 1256 1670 1309 Δειν-

116 1348 160 1393 etc.
175 1328 256 1392 Λύνσο
266 1348 420 1410 perperam
432 1330 574 1407 vulgatur.
585 1334 660 1391 Eum
673 1337 781 1407 Lycum
792 1333 864 1391 'Ilae-
905 1328 1024 1401 ιιιιλέδης,
1035 1332 1101 1391 sica
1111 1332 1261 1395 Δευκαλίων
1273 1335 1491 1407 Διοκολιιινέδης.
1498 1338 1590 1419 Iapeti
1597 1339 1670 1399 lilios

116 1423 149 1481 sei
161 1432 287 1499 pannum
303 1418 371 1476 lacit
394 1431 543 1477 enarrator
563 1420 767 1498 Lycophronis
788 1422 865 1480 auti·
906 1420 1092 1499 Prometbeus
1109 1440 1168 1481 uon
1189 1436 1300 1483 tantum
1317 1427 1458 1503 Iapetidea
1473 1426 1579 1489 Ouidio
1599 1432 1669 1489 utet.

116 1509 257 1589 quusadv.
274 1508 370 1577 rint,
384 1506 433 1583 qui
451 1507 561 1565 utinam
578 1508 705 1585 integer,
726 1506 864 1569 detractis
908 1504 935 1576 ⁵,
951 1527 997 1579 m,
1005 1506 1057 1569 ubi
1067 1528 1130 1585 quse
1137 1509 1254 1587 scripsit
1264 1511 1465 1589 Capolerreus,
1478 1514 1581 1595 partim
1594 1513 1671 1577 bona

115 1594 319 1657 emblematibus
333 1599 447 1653 Trettae
459 1596 667 1671 nugacissimis,
678 1594 715 1653 ad
726 1615 779 1655 nos
793 1616 863 1674 per-
906 1606 989 1667 sunt,
1001 1596 1106 1673 partim
1129 1597 1283 1674 malu;.sed
1304 1600 1391 1659 etiam
1403 1598 1590 1672 Ἰαπετιονίδης
1609 1606 1668 1661 lle-

115 1688 229 1746 reuisset.
251 1686 313 1741 lloc
326 1680 480 1754 traditum,
503 1694 537 1741 ut
557 1683 678 1761 opinor,
704 1682 742 1741 ab
765 1683 863 1759 aliquo
906 1681 977 1740 sled.
993 1686 1052 1761 Op.
1066 1682 1114 1756 tt,
1128 1684 1277 1761 quomodo
1287 1689 1472 1763 Iapetionides
1487 1688 1566 1749 Atlas
1577 1689 1670 1747 eidem

115 1771 285 1832 esteten
310 1772 454 1848 scriptore
473 1770 499 1828 si
521 1783 629 1829 certam
650 1770 734 1830 fidem
758 1770 862 1843 babet,
905 1770 1022 1843 Ouidio,
1032 1784 1062 1829 et
1076 1778 1196 1833 Perseus
1210 1776 1421 1833 Acrisioniades.
1436 1778 1541 1835 Contra
1555 1775 1671 1858 Κύψελος

115 1871 207 1938 Lycum
220 1871 338 1939 oportet
356 1859 442 1917 valde
455 1878 552 1917 senem
574 1859 703 1917 Athenas
723 1859 861 1920 rediisses
906 1856 1029 1932 Ἠετίδης
1043 1859 1074 1917 iu
1088 1862 1207 1921 oraculo
1219 1862 1297 1940 apud
1312 1863 1492 1923 Herodotum
1507 1865 1534 1937 5,
1546 1886 1594 1941 9ο,
1609 1868 1670 1942 §5‚

115 1950 272 2027 compulsus
283 1946 322 2005 ab
336 1948 430 2024 AEgeo
446 1946 533 2005 lratre
543 1949 625 2025 segrei
646 1948 758 2026 paterni
779 1949 863 2007 bere-
905 1946 956 2023 qui
972 1960 1055 2025 patre
1069 1948 1183 2026 genitus
1194 1961 1256 2009 erat
1271 1951 1401 2012 Eetione.
1416 1952 1556 2013 Similiter
1574 1954 1671 2032 itaque

114 2041 202 2099 ditaria
213 2049 309 2116 parte,
321 2054 381 2094 non
396 2049 508 2093 tantum
518 2035 549 2093 in
558 2036 654 2093 vicina
663 2037 862 2113 Peloponneso
905 2032 1008 2103 Adane.
1024 2034 1120 2105 Λύκιος
1132 2050 1162 2095 et
1173 2035 1278 2097 Λύκιον.
1292 2042 1356 2099 Jam
1369 2040 1553 2100 Ptolemaeum
1571 2041 1670 2103 audia-

115 2130 187 2187 ritam
199 2126 271 2203 egit,
283 2126 435 2200 sucusque
445 2128 620 2201 Magnorum
632 2129 761 2183 Deorum
773 2124 865 2185 initiis
905 2140 969 2181 mus
981 2123 1010 2182 in
1024 2124 1117 2183 Photii
1128 2122 1202 2183 uibt.
1216 2120 1245 2205 p'.
1262 2126 1330 2197 aba,
1342 2146 1389 2203 σς,
1406 2124 1457 2185 ubi
1475 2127 1599 2187 Achilles
1615 2148 1669 2191 au·

114 2215 178 2294 apud
189 2213 345 2273 llessenios
359 2212 407 2270 vir
423 2210 596 2289 religionum
609 2211 801 2291 peritissimus
816 2213 861 2273 in·
905 2210 993 2287 tique
1007 2212 1153 2271 memoria
1167 2213 1340 2274 clarissimos
1361 2228 1508 2275 recenset:
1524 2214 1569 2273 sal
1591 2220 1606 2274 ὁ
1626 2216 1669 2277 τδν

113 2306 213 2373 clamit,
235 2299 287 2359 sed
306 2312 338 2357 et
365 2300 395 2357 in
418 2300 534 2376 Lysiam
559 2320 652 2377 uque
677 2302 861 2379 penetravit,
904 2298 1082 2379 ὀστρακισμὸν
1094 2298 1236 2372 ἐπινοήσας
1250 2300 1387 2375 Ἀθήνησιν
1401 2299 1535 2381 Ἀχιλλεὺς
1551 2304 1670 2365 ἐκαλεῖτο

113 2404 177 2451 unta
192 2391 302 2472 pollens
313 2391 505 2458 anctoritate,
517 2401 550 2445 ut
560 2389 699 2449 Termilas
707 2388 861 2450 barbaram
904 2385 958 2453 ulit
969 2385 1101 2455 Λύσωνος
1116 2388 1194 2461 Quid
1210 2389 1234 2449 si
1249 2388 1392 2457 dirutos?
1407 2390 1572 2451 uteundem
1586 2390 1669 2453 illum

112 2494 210 2557 gentem
227 2496 286 2535 non
310 2477 481 2555 penituerit
495 2496 575 2535 novo
600 2477 639 2536 ab
663 2498 758 2556 eoque
772 2479 861 2539 ducto
904 2476 1013 2550 Lycum
1025 2476 1239 2555 AEgeilratrem
1255 2466 1556 2557 intelligisnequam
1574 2482 1669 2563 suspi-

111 2569 247 2644 Lyciorum
258 2564 507 2623 nomineesnseri.
517 2564 641 2625 Videtur
653 2577 749 2625 antem
766 2567 797 2625 in
808 2585 861 2645 pa-
904 2561 1019 2623 tionem
1036 2562 1113 2623 haud
1131 2584 1233 2643 parum
1252 2564 1371 2641 adjuvat
1387 2568 1546 2627 ostracisnri
1563 2570 1668 2647 reperti

111 2659 182 2713 uiam
191 2672 321 2711 reversus
334 2670 372 2710 eo
385 2655 525 2731 temporis
533 2654 685 2713 intervallo
695 2695 705 2725 ‚
717 2672 778 2731 qao
786 2654 861 2714 Tbe·
904 2652 1029 2713 mentio:
1038 2652 1149 2731 quippe
1160 2673 1217 2711 nnn
1231 2666 1273 2713 sot
1285 2653 1422 2727 alienum,
1430 2653 1489 2715 filio
1497 2656 1669 2733 scriptorem

110 2762 165 2801 sens
176 2742 250 2820 apud
267 2740 462 2800 Molossorum
476 2760 574 2817 regern
593 2740 815 2818 quadriennium
829 2742 859 2801 in
903 2739 1028 2816 aliquem
1044 2740 1229 2815 attribuisse,
1244 2742 1324 2821 quod
1340 2743 1437 2821 plures
1452 2741 1488 2804 de
1502 2756 1584 2823 patre
1603 2764 1670 2803 nar-

110 2831 218 2891 vinculis
226 2829 322 2907 exegit
336 2851 345 2888 r
360 2828 432 2886 dnm
451 2830 528 2887 cairo
542 2830 625 2908 AEgei
640 2830 716 2888 lilius
736 2830 860 2891 Atbeuis
903 2840 1037 2887 rarerant
1052 2849 1060 2885 r
1078 2848 1171 2905 oeque
1193 2841 1288 2889 tamen
1305 2829 1447 2901 diffiteor,
1464 2829 1581 2891 aliunde
1599 2832 1668 2891 mihi

109 2934 227 2979 etrerom
247 2929 393 2996 gestarum
413 2917 499 2975 laude
522 2930 553 2977 et
565 2938 665 2977 amore
683 2917 786 2997 populi
806 2917 859 2977 bs-
902 2912 938 2973 de
950 2914 1007 2975 boc
1019 2916 1132 2978 tchttte
1145 2917 1217 2975 nihil
1228 2936 1290 2975 esse
1308 2931 1498 2997 compertum.
1510 2922 1669 2981 Hauon.—

110 3008 203 3068 neiciis
212 3005 380 3084 ingentibus
389 3003 520 3063 obstricti
537 3006 678 3078 florebat,
693 3006 766 3066 situl
778 3020 858 3079 erat,
904 3002 941 3061 18
956 3003 1106 3069 desudas.
1119 3002 1221 3086 Σκύρον
1236 3003 1322 3079 libri,
1344 3017 1448 3085 preter
1459 3006 1504 3079 Θ,
1517 3008 1565 3085 qui
1581 3012 1668 3088 κῦρον.

108 3098 174 3176 quod
184 3104 275 3175 Lycus
293 3115 325 3156 se
337 3114 431 3160 musae
442 3116 504 3156 suar
516 3111 653 3176 patronos
672 3099 857 3158 inventurum
901 3093 971 3169 Re&
985 3092 1021 3159 tlt
1033 3089 1135 3173 Σκύρον
1148 3094 1227 3165 νῆσον
1239 3090 1375 3157 Δολόπων.
1388 3124 1427 3139 -
1438 3095 1475 3155 30
1486 3092 1667 3171 λοιμώξαντις.

107 3190 345 3267 speraret.Verum
355 3184 542 3245 eoamotosb
550 3187 657 3245 σίνίιιιιι
668 3186 858 3258 oculisrates
902 3180 1061 3259 Utriusque
1075 3180 1142 3241 mati
1155 3180 1285 3261 pestiferi
1296 3181 1376 3259 λιμοῦ
1396 3194 1426 3239 et
1438 3182 1532 3261 λοιμοῦ
1550 3185 1667 3245 nomina

107 3275 271 3352 publioeque
293 3274 510 3352 superstitionis
536 3276 720 3347 moderator,
737 3289 769 3333 st
784 3276 859 3337 soler
901 3266 992 3327 literae
1006 3280 1118 3329 tantum
1131 3268 1349 3348 tenuissimique
1363 3269 1426 3331 soni
1438 3268 1603 3331 discrimine
1620 3290 1667 3328 se-

106 3365 238 3422 bominum
251 3362 326 3421 illud
339 3380 429 3439 genus
447 3362 484 3420 sd
496 3360 654 3421 flectendos
672 3362 766 3441 plebis
789 3364 857 3423 ani·
900 3370 1000 3436 parata
1016 3379 1089 3436 quaa
1110 3378 1187 3437 sepe
1208 3358 1406 3423 dubitationes
1425 3362 1589 3442 pepererint
1601 3382 1667 3437 ,οτι

106 3472 158 3509 nos
169 3450 465 3520 essecallidissiorunr,
476 3462 672 3529 opportunam
683 3452 857 3513 musiliandi
900 3449 1054 3509 notissimo
1066 3442 1244 3527 Thucydidis
1262 3450 1328 3513 loco
1342 3468 1376 3523 a,
1401 3448 1436 3511 bi
1461 3461 1594 3511 testatum
1610 3464 1664 3511 est.

106 3540 198 3598 [τιοτίι
214 3539 399 3598 occasionem
422 3550 525 3596 nactus
551 3539 649 3597 fratris
678 3538 799 3614 injurias
825 3541 855 3599 in
899 3540 964 3598 Non
979 3537 1078 3615 potuit
1098 3558 1132 3599 es
1147 3538 1186 3597 de
1202 3556 1288 3599 cause
1306 3557 1366 3597 non
1388 3536 1576 3617 contingere,
1595 3540 1666 3619 quin

105 3628 184 3684 tilium
203 3627 301 3685 ulcisci
323 3626 480 3685 constituit
498 3630 576 3685 Usus
594 3626 682 3703 igitur
697 3627 856 3705 impulsore
899 3621 989 3685 altera
1002 3645 1061 3686 vos
1076 3626 1243 3703 frequenter
1255 3625 1354 3687 sedem
1365 3625 1483 3685 alterius
1494 3626 1665 3687 invaderet:

104 3714 275 3789 lienestlreo,
290 3733 378 3792 quem
390 3716 515 3791 primum
526 3711 713 3793 έπιθέσδιιιτῷ
729 3716 857 3793 depopos-
899 3712 997 3771 multis
1010 3712 1127 3790 quidem
1142 3714 1172 3771 in
1184 3712 1274 3790 locis,
1288 3724 1354 3773 utra
1368 3712 1406 3769 sit
1420 3710 1551 3791 eligenda
1565 3715 1665 3792 reique

103 3811 164 3878 γιῑν,
179 3802 221 3862 rel
236 3802 303 3883 πρὸς
317 3802 398 3882 χάριν
409 3802 483 3883 ὄχλῳ
504 3802 855 3882 temperer-eluentes
897 3813 1021 3859 narratae
1031 3804 1155 3861 maximo
1166 3801 1338 3873 conveniat,
1357 3798 1434 3861 haud
1452 3800 1607 3861 difficulter
1620 3801 1665 3863 di-

103 3890 217 3962 allirmat,
228 3892 386 3960 Theseum,
398 3889 560 3964 abalienata
571 3890 689 3949 mobilis
708 3892 787 3970 vulgi
801 3912 854 3951 vo·
893 3884 1026 3961 judices,
1038 3888 1117 3947 velut
1128 3887 1206 3966 apud
1220 3886 1339 3948 Hesiod·
1352 3888 1460 3967 Theog-
1477 3907 1555 3963 117,
1570 3886 1621 3947 ubi
1635 3909 1663 3949 v.

102 3978 213 4052 laetate,
227 3978 350 4039 eandem
363 3978 461 4051 exilii,
473 3997 540 4056 quar
550 3979 606 4057 ipsi
618 3980 688 4039 olins
700 3980 854 4061 obtigerat,
897 3976 1043 4035 Graiium
1053 3998 1061 4051 ς
1070 3987 1101 4035 at
1111 3977 1140 4035 in
1149 3975 1214 4035 aliis
1225 3988 1326 4056 optare
1334 3994 1394 4037 non
1404 3975 1444 4035 ita
1453 3975 1665 4054 planumatque

102 4065 186 4125 subire
207 4080 316 4127 sortem
336 4069 441 4146 coegit.
464 4068 541 4128 ltine
559 4068 666 4127 elarius
684 4069 854 4148 intelligitur
896 4064 1085 4141 expeditum:
1100 4064 1156 4123 vid·
1168 4062 1263 4124 strab.
1280 4084 1324 4141 rs,
1341 4084 1370 4143 p.
1387 4066 1455 4141 862,
1467 4068 1499 4138 C,
1515 4077 1545 4123 et
1559 4070 1665 4127 eassu-

102 4157 164 4212 rstio
176 4155 322 4234 proverbii
334 4158 404 4215 satis
415 4156 544 4234 alioquin
557 4156 690 4228 obscum,
707 4154 795 4217 Λύκου
809 4156 854 4217 δι·
896 4150 965 4211 buu.
978 4152 1033 4213 ttic
1046 4164 1142 4213 tameat
1153 4153 1200 4211 vel
1211 4152 1303 4215 invito
1314 4150 1410 4225 Suida,
1423 4152 1474 4230 qui
1486 4151 1663 4213 editionibus

101 4238 157 4314 als,
179 4245 214 4302 ee
232 4262 293 4323 quo
313 4244 452 4302 nonnulla
471 4244 649 4323 collegitis.
669 4250 857 4305 Meurs.Art.·
895 4240 1081 4318 opitulatur,
1106 4238 1262 4301 secundum
1288 4240 1408 4299 Meursii
1435 4241 1605 4303 senteutiam
1632 4235 1661 4298 in

102 4332 179 4388 lertt.
195 4334 223 4405 3,
237 4352 265 4408 9.
284 4336 379 4403 Quem
393 4352 465 4389 rem
487 4337 598 4409 Lycum
616 4331 687 4391 alibi
704 4332 751 4391 bis
773 4345 853 4393 terre
895 4328 980 4388 Thes.
992 4347 1018 4387 c.
1034 4330 1066 4387 δι
1082 4326 1257 4406 inmeliorare
1268 4328 1399 4407 praemli3
1412 4328 1521 4407 quippe
1531 4328 1662 4389 testimo-

99 4433 239 4478 mcaverat
258 4418 386 4491 Strabo,
404 4439 473 4478 enm
495 4418 540 4479 τδν
566 4420 711 4486 Πανδίονος
736 4419 851 4481 Adicere
895 4417 977 4475 nium
998 4428 1042 4475 est
1064 4421 1162 4479 AEneae
1186 4418 1283 4477 Gazaei
1300 4415 1519 4477 disertissimum
1548 4434 1577 4493 p.
1601 4436 1660 4486 τις

98 4502 284 4581 distitisse,
299 4508 563 4585 pessimant
573 4507 688 4567 etiamsi
702 4508 850 4568 Casaubo·
894 4502 998 4581 δέγιτσι
1012 4503 1042 4563 δέ
1059 4502 1217 4576 Ἀύηναέοις,
1231 4502 1323 4575 ἐπειδὴ
1339 4504 1445 4565 tideus
1457 4547 1466 4577 ‚
1479 4500 1524 4561 τὸν
1542 4500 1661 4562 trusa

98 4608 144 4649 uus
157 4596 257 4654 mutari
275 4594 395 4672 jubeat,
410 4614 469 4674 ego
483 4608 648 4674 propterea
667 4594 850 4657 refineudum
893 4592 1100 4673 ypirstflnsia
1114 4591 1158 4653 τδν
1184 4589 1285 4669 Αἰγέως
1307 4589 1351 4649 inl
1372 4587 1419 4655 adr
1431 4588 1537 4661 Ἀθήνας
1551 4588 1661 4667 pisait-

98 4682 234 4756 existimo,
244 4684 314 4761 quia
325 4683 397 4741 nibil
412 4683 508 4743 obstat
521 4685 591 4761 quin
614 4694 769 4761 putemus,
791 4689 851 4762 Ly·
894 4681 997 4753 ύύζιιν.
1008 4727 1016 4741 .
1029 4726 1037 4741 .
1050 4728 1058 4743 .
1079 4680 1136 4761 δμσ
1147 4704 1177 4741 τι
1190 4684 1237 4752 τῆς
1249 4680 1366 4753 Ἀττικῆς
1379 4684 1426 4739 τοῦ
1439 4678 1553 4753 Θησέως
1565 4678 1596 4739 τδ
1605 4681 1659 4739 λιι-

97 4788 187 4829 conern
207 4771 246 4830 ab
267 4772 368 4849 aliquo
385 4773 528 4850 scriptore
545 4784 676 4844 vetusto,
697 4792 785 4851 quem
808 4772 850 4833 ibi
893 4770 1007 4849 πύρινον
1021 4768 1120 4843 irride,
1140 4767 1321 4847 zelotopiae
1336 4768 1437 4829 οὐκέτι
1459 4756 1502 4840 ἦν.
1522 4773 1556 4827 ln
1573 4769 1659 4828 simili

97 4871 200 4915 secatus
211 4862 249 4917 sit
259 4859 379 4932 Strabo,
394 4861 482 4919 luisse
499 4862 696 4931 nominatum,
717 4863 767 4939 qui
785 4862 849 4942 ple-
893 4880 960 4919 casu
972 4858 1062 4921 schol.
1074 4857 1112 4917 ad
1123 4860 1176 4937 sq.
1191 4876 1219 4915 v.
1233 4858 1270 4926 dt
1283 4857 1320 4917 de
1333 4855 1533 4917 Themistoclis
1545 4854 1661 4921 ossibus

97 4943 185 5022 tisqne
196 4950 290 5024 Lycos
306 4949 431 5009 audierit
446 4962 532 5007 :sunt
549 4949 625 5008 enim
637 4950 668 5007 is
681 4950 849 5011 nominibus
892 4948 1019 5012 ameno
1032 4944 1249 5007 transvehendis
1261 4968 1268 5002 τ
1278 4940 1463 5025 λοιμωξάντων
1473 4942 1501 5001 δὲ
1516 4940 1660 5018 ’Λθηνιιέινν

98 5034 212 5111 propltio
224 5036 356 5113 quodam
366 5038 465 5095 forma
478 5037 623 5097 scribendi
637 5039 722 5097 vaide
733 5039 848 5114 affines,
892 5036 973 5102 trel<
983 5026 1042 5097 aisti
1055 5036 1179 5115 μετάγειν
1191 5032 1225 5093 cd
1235 5030 1316 5093 ὀστέα
1329 5029 1555 5109 Θεμιστοκλέους·
1571 5036 1659 5117 pestis

97 5113 133 5175 sic
152 5133 180 5179 nt
200 5122 237 5181 ab
252 5124 315 5182 aliis
328 5144 404 5184 nnnc
418 5126 491 5199 boc,
509 5130 587 5183 cunc
603 5126 654 5183 illo
672 5126 758 5185 modo
778 5126 848 5185 elle·
892 5139 988 5186 autem
1008 5126 1100 5188 multo
1124 5123 1232 5203 magis,
1255 5142 1343 5205 quam
1364 5122 1472 5193 fames,
1495 5120 1659 5185 habebatur

97 5220 201 5281 tantm
214 5214 365 5289 queram
386 5215 480 5273 minus
495 5215 845 5275 animaduersanoonun-
893 5214 1026 5273 vindicta
1037 5212 1146 5273 divinas
1159 5210 1331 5271 inhomines
1345 5208 1599 5273 animadvertentis
1614 5226 1657 5271 te·
