4100 6109
321 419 380 468 ’1εο
896 403 1097 463 scnom
1124 402 1171 462 IN
1196 403 1344 464 NUBES.

322 543 368 597 τοῦ
382 537 537 612 Λικυμνίου.
556 532 660 611 λέγεται
680 533 708 592 δέ
727 532 770 590 ὑπ’
790 531 937 609 Ἀλκμήνης
958 532 1102 610 Λικύμνιον
1143 536 1218 592 τοῦτο
1230 531 1407 615 Στρεψιάδου·
1421 530 1487 600 τινὲς
1499 531 1560 592 όλον
1573 539 1618 592 τοῦ
1632 537 1770 617 κλητῆρος.
1786 540 1846 597 ἀντὶ
1860 543 1923 612 τοῦ,

312 623 471 697 ,τεθνηκέναι
485 622 536 681 ὑπὸ
546 619 731 699 Τληπολέμου.
747 620 787 681 διδ
800 620 846 681 καί
861 620 1002 703 ἐπιρίρειι
1016 620 1042 680 τί
1058 621 1103 680 δαί
1142 609 1281 702 ῶκλῆτορ.
1297 625 1332 688 ὡς
1343 617 1418 701 ἵππῳ
1433 623 1503 701 αὐτῷ
1517 619 1690 710 διαλέγεται]

323 742 336 766 ι
352 735 383 772 σε
401 709 575 788 Ἰληπολιμός
592 710 651 768 ποτ’
668 709 804 791 εἴργασται
822 707 917 782 κακόνς
931 733 945 762 ν
960 711 999 770 Εὐ
1036 707 1102 776 όυιος
1155 753 1157 758 -
1185 729 1243 770 ιιοε.
1266 707 1420 792 σειραφόρον
1438 709 1496 768 ἀντί
1514 715 1560 770 τοῦ
1578 711 1720 792 παρήορον.
1735 713 1860 795 καὶπρὸς
1873 714 1925 793 μέν

323 800 396 882 παρά
409 802 535 860 Ξενοκλεῖ
547 820 626 880 ρησιν
638 788 706 856 εἶναι
717 796 749 856 τὸ
760 797 950 879 χρυσάντυγες,
963 732 1037 868 {fitz
1050 819 1100 856 πα·
1142 796 1173 856 τό
1185 797 1229 856 ἐπὶ
1243 797 1313 856 ἀλων
1326 796 1357 856 τὸ
1370 796 1416 868 τό,
1431 797 1494 876 πρδς
1505 796 1534 857 δέ
1544 797 1573 857 εδ
1585 801 1687 859 ἐπιαλῶ
1697 799 1727 859 τὸ
1742 801 1838 860 τέοισί
1851 801 1926 862 ἐστιν

297 891 517 971 εραπεποιῆσθαι
536 886 566 944 τὸ
579 885 778 965 θραυσάντυγες.
797 890 888 958 τοῦτο,
902 885 960 943 ἐπεὶ
983 885 1102 963 ἐμνήσθη
1142 885 1261 968 ή,γραρή
1274 885 1365 958 δισεή,
1377 885 1421 944 ἐπί
1431 883 1501 944 ἅλιον
1512 886 1558 944 καὶ
1569 888 1680 947 ἐπιαλῶ.
1693 887 1740 947 καλ
1753 887 1818 972 πρδς
1828 888 1876 967 μέν
1890 890 1952 952 τὀσ

324 981 402 1035 αὐτοῦ
416 975 469 1036 ἀπὸ
481 980 527 1034 τοῦ
540 972 645 1054 πατρός.
687 972 797 1054 [Ἄλλοι
812 975 840 1032 δέ
855 974 980 1055 τραγικδν
994 977 1103 1054 ὓποκρι-
1142 972 1340 1054 περισπώμενον
1356 975 1458 1034 ἐπιαλῶ
1472 972 1512 1046 είη
1526 972 1559 1034 δν
1572 976 1749 1045 ἀπειλητικῶς
1762 975 1856 1054 λέγων,
1869 968 1926 1036 οἷον

322 1067 370 1133 τὴν
378 1056 444 1124 εἶναι
454 1062 499 1122 τὸν
511 1062 698 1139 Τληπολεμον,
710 1065 826 1142 συνεχῶς
836 1061 1040 1144 ὑποκρινόμενον
1051 1064 1102 1122 Σο-
1143 1059 1211 1130 ἀξεις
1221 1059 1267 1121 καὶ
1278 1059 1401 1143 δρμήσεις
1412 1061 1520 1119 σεαυτόν
1533 1063 1658 1134 ἐντεῦθεν,
1669 1063 1725 1121 ἐπεὶ
1736 1065 1795 1122 ἀλῶ
1805 1085 1849 1136 σε,
1858 1062 1926 1148 ὅπερ

323 1154 422 1233 ροκλιῑ.
437 1151 541 1217 εἰκότως
552 1150 580 1210 δὲ
592 1149 691 1217 τούτοις
702 1155 716 1209 δ
729 1149 865 1222 δανειστὴς
875 1155 982 1233 χρῆται.
995 1149 1040 1210 διέι
1051 1149 1102 1234 γάρ
1142 1149 1212 1208 ἐστὶν
1227 1149 1315 1208 ἐλάσει
1328 1171 1357 1208 σε
1371 1147 1417 1207 καί
1430 1147 1513 1217 διώξω
1525 1171 1557 1208 σε
1568 1152 1666 1208 κεντῶν
1679 1149 1729 1210 ὑπὸ
1742 1149 1789 1209 τὸν
1802 1152 1926 1232 πρωκτὸν

323 1237 497 1321 ἱπποτροφίαν
518 1237 693 1318 ἐπτώχευσεν.
709 1272 748 1282 -
766 1238 956 1319 θραυσάντυγες
972 1257 980 1298 :
996 1234 1103 1314 Ἄντυξ,
1137 1235 1232 1319 ὥσπερ
1245 1235 1325 1297 ἵππον
1345 1236 1491 1320 παρήορον·
1511 1237 1577 1319 πρὸς
1593 1236 1622 1298 δὲ
1641 1237 1690 1310 τήν
1710 1237 1802 1320 ἑτέραν
1821 1239 1927 1321 γραφήν
1955 1235 1960 1246 '

287 1360 310 1396 m
323 1327 440 1408 ἅρματος
452 1324 612 1409 περιφέρεια.
631 1325 711 1435 θεολ]
1142 1324 1223 1392 οὕτως
1233 1329 1329 1398 ήθικῶς
1342 1325 1474 1403 λίγοντος,
1484 1317 1536 1384 οἷον
1547 1324 1654 1393 ἀπάξεις
1667 1326 1699 1386 σθ
1714 1325 1759 1386 τδν
1771 1328 1927 1410 σειραφόρον
1945 1359 1968 1397 ,η

365 1435 424 1475 ενοι.
445 1403 468 1473 ῶ
483 1413 540 1473 ’τάν
555 1435 563 1475 :
576 1405 614 1474 Ὦ
628 1412 674 1486 αδ,
690 1439 713 1473 ω
728 1414 832 1496 ἑταῖρε,
844 1403 867 1473 ῶ
880 1406 967 1488 οὗτος,
980 1407 1004 1476 ώ
1015 1417 1103 1495 μακά·
1143 1416 1179 1482 εἰς
1188 1416 1295 1492 μυλῶνα
1306 1414 1350 1472 ἐπί
1363 1413 1394 1472 εδ
1405 1413 1497 1487 άλοδν,
1507 1413 1565 1472 ἀντλ
1578 1419 1624 1473 τιν’·
1635 1413 1722 1493 ἄπαγε’
1734 1437 1782 1475 σου
1792 1417 1836 1474 τὸν
1845 1415 1929 1474 ίππον

324 1525 390 1584 ριος,
402 1501 546 1584 πρόαρημα
561 1507 703 1580 τιμητικῆς
718 1501 824 1571 λέξεως·
837 1501 941 1580 λέγεται
957 1503 1044 1564 δδκαὶ
1058 1505 1103 1565 ἐπὶ
1143 1503 1261 1562 κάκεῖθεν
1281 1499 1414 1584 τραρήση.
1434 1499 1502 1569 τινὲς
1523 1499 1552 1561 δέ
1571 1499 1667 1574 οὕτως,
1688 1501 1756 1572 ἀξεις
1779 1501 1927 1564 ἐπιόαλών.

325 1587 443 1670 είρωνιίρ
451 1588 587 1656 πολλάκις.
603 1599 665 1647 νισι.
1071 1651 1075 1656 ,
1143 1589 1265 1672 [Ἄλλως.
1279 1592 1380 1650 ἐπιαλῶ
1392 1588 1495 1666 μέλλων
1514 1589 1567 1649 ἀπδ
1579 1595 1625 1650 ταῶ
1640 1589 1731 1650 Ιάλλω.
1745 1590 1817 1671 λέγει
1828 1591 1856 1650 δέ
1869 1595 1930 1650 ε’πι-

367 1697 425 1738 ιαοο.
445 1675 570 1736 λείπειτὸ
581 1676 648 1752 ἐμοί.
659 1681 747 1743 κακῶς
758 1695 766 1737 2
779 1680 891 1757 ἀτυχῶς.
904 1681 932 1728 R·
1143 1677 1241 1758 πέμψω
1255 1699 1293 1737 σε.
1322 1680 1349 1735 ἐν
1366 1677 1424 1748 ήθει
1438 1675 1466 1736 δέ
1480 1677 1510 1736 τὸ
1522 1677 1590 1760 ψξιις
1603 1678 1686 1756 λέγει·
1700 1680 1749 1738 οίκι
1762 1677 1852 1750 ἀπάξη
1863 1677 1930 1738 ποτὲ

288 1795 326 1834 15.
367 1786 427 1826 ιεεε.
449 1767 538 1832 κακῶς
548 1764 590 1846 ἄρ’
602 1755 791 1845 είχεςεΔιάτδ
801 1764 857 1824 ἀνω
866 1764 1104 1846 είρηκέυαι,ίώμοί
1143 1769 1258 1825 ἐντεῦθεν
1270 1765 1316 1824 καί
1325 1761 1529 1845 πυριάτητδδὲ
1542 1767 1653 1838 ἐπιαλῶ,
1663 1761 1927 1846 ἀντίτοῶέπιπέμψω
1944 1795 1968 1834 ις

326 1878 383 1930 μοι,
395 1853 457 1932 καὶ,
469 1853 535 1934 ἀνὴρ
545 1850 723 1930 κακοδαίμων,
732 1852 850 1932 ἐπήγαγε
858 1853 889 1912 τὸ
900 1854 990 1922 όντως.
1144 1877 1182 1914 σε.
1195 1850 1367 1931 συμόουλεόει
1377 1851 1404 1912 δὲ
1415 1855 1488 1934 αὐτῷ
1500 1852 1652 1912 ἀλοάσαντα
1662 1857 1750 1934 μισθῷ
1759 1853 1929 1934 πορεύεσθαι,

367 1963 427 2002 εντα.
448 1939 570 2010 ἐξίπισον
590 1961 598 2001 ε
617 1944 679 2002 Τῶν
692 1943 848 2021 χρημάτων.
868 1933 899 2014 ήν
919 1940 948 2001 δέ
966 1944 1012 2001 καί
1032 1936 1104 2013 οὗτος
1143 1941 1187 2002 ἵνα
1201 1939 1365 2023 τρέφειθέχῃ
1382 1939 1441 2010 τοὺς
1455 1939 1562 2008 ἵππους.
1576 1939 1685 2022 σειραρό
1740 1939 1782 2013 δέ,
1794 1945 1809 1998 δ
1820 1939 1870 2008 ἔξω
1882 1947 1930 1998 τοῦ

325 2029 385 2110 περὶ
402 2027 513 2100 ἱππικήν
527 2029 606 2106 ἔχων.
620 2039 649 2086 R.
662 2039 693 2085 V.
713 2026 828 2108 [ίππους
844 2029 869 2107 γ’
887 2031 1002 2090 ἐλαύνειν
1021 2053 1029 2093 :
1049 2031 1104 2092 Καὶ
1144 2034 1229 2108 ζυγοῦ.
1258 2027 1368 2096 1’άλλως
1377 2027 1422 2087 ἐάν
1430 2025 1477 2107 μέν
1487 2021 1683 2108 οὗτυςδλόγοςΙ
1701 2028 1800 2099 ἠθικός,
1811 2026 1929 2110 εἰπέρχη,

324 2125 400 2178 τοῦτο
411 2120 441 2178 ἐκ
450 2115 594 2197 παρῳδίας.
605 2114 662 2193 ἀμα
672 2113 700 2174 δέ
709 2115 755 2174 καὶ
765 2116 1018 2200 αιἐτδςίππυτρορῶν
1029 2121 1105 2178 ἐδυσ-
1144 2115 1302 2190 ἣθποδαλῶ
1315 2115 1363 2188 τήν
1378 2115 1495 2194 μάστιγα
1511 2120 1609 2176 κεντῶν
1623 2138 1653 2175 σε
1669 2116 1720 2174 ὑπὸ
1739 2115 1783 2174 τὀν
1802 2118 1930 2196 πρωκτὸν,

285 2230 311 2266 οιι
325 2203 482 2287 πράγηοευ.]
976 2248 979 2254 -
1144 2211 1179 2276 ὡς
1198 2203 1363 2287 σειραρόρον·
1381 2202 1426 2263 ἐάν
1445 2203 1472 2262 δέ
1493 2202 1537 2262 ἐπὶ
1557 2203 1631 2270 ἀλω.
1647 2201 1742 2274 οὕτως,
1760 2201 1864 2284 ἀπέρχῃ
1883 2203 1930 2262 ἐπὶ
1946 2231 1970 2268 ω

367 2314 426 2354 ιντο.
447 2291 537 2374 ῶσπερ
548 2293 595 2352 ἀπ’
605 2291 665 2351 όνου
679 2311 687 2352 :
702 2291 773 2372 Πρδς
783 2291 814 2352 τὸ
824 2291 878 2354 ἀπὸ
888 2292 970 2353 ἵππου
981 2293 1035 2354 ἀπὸ
1045 2295 1104 2355 όνου
1145 2295 1234 2354 άλωνα
1246 2296 1344 2352 κεντῶν
1356 2315 1403 2352 σου
1415 2289 1459 2350 τὸν
1470 2291 1636 2372 σειραφόρον,
1653 2289 1697 2349 ἐτιλ
1713 2290 1745 2348 τὸ
1756 2291 1932 2370 ἐργαζόμενον

326 2374 382 2442 εἶπε
391 2381 437 2441 καὶ
449 2379 506 2459 άμα
516 2379 581 2462 πρὸς
593 2379 624 2439 τὸ
634 2381 731 2461 ληρεῖς.
744 2380 788 2440 ἐπί
798 2379 849 2462 γάρ
859 2384 911 2440 τῶν
923 2379 992 2442 κατά
1003 2383 1105 2459 μηδένα
1145 2387 1243 2444 ἐκεῖθεν
1260 2385 1391 2463 τραφῆναι
1401 2403 1409 2417 ·
1421 2379 1493 2440 οθδὲν
1506 2378 1558 2460 γάρ
1570 2382 1686 2440 ἐντεῦθεν
1704 2378 1787 2456 λήψη.
1800 2381 1824 2436 οί
1840 2381 1868 2436 δέ
1881 2376 1932 2436 οὔ·

325 2469 401 2547 λόγον
411 2467 579 2550 πραττόντων
593 2467 700 2527 εἰώθασι
712 2466 743 2526 τδ
756 2467 810 2526 ἀπὸ
822 2467 881 2528 ἀνον
892 2468 977 2545 λέγειν
989 2470 1039 2541 τήν
1052 2493 1104 2530 πα·
1145 2495 1204 2540 τως·
1215 2469 1348 2532 ἐπιόαλών
1358 2491 1399 2528 σοι
1408 2467 1456 2540 τήν
1466 2469 1584 2546 μάστιγα
1593 2467 1639 2526 καί
1650 2464 1733 2548 δέρων
1742 2465 1787 2526 τδν
1797 2465 1932 2546 πρωκτὸν,

327 2557 441 2638 ροιμίαν,
455 2553 521 2624 τινὲς
532 2554 560 2615 δέ
575 2555 680 2615 ἀπὸ-ναῶ
692 2558 858 2634 λίγυυοιυ.π.
869 2567 900 2615 V.
911 2556 969 2637 [ἐπὶ
980 2561 1032 2616 τῶν
1044 2558 1105 2618 ἀλό-
1146 2561 1199 2630 ἄξω
1211 2581 1251 2621 σε.
1270 2557 1323 2618 ἀπὸ
1341 2565 1490 2636 μεταρορᾶς
1503 2559 1556 2615 τῶν
1571 2551 1749 2632 κεντουμένων
1762 2551 1851 2612 ἵππων
1864 2558 1932 2633 βριε-

286 2679 313 2714 25,
326 2670 378 2724 γως
392 2644 559 2726 πραττόντων
574 2649 591 2716 ή
608 2641 739 2726 παροιμία
752 2643 798 2703 καί
817 2644 855 2722 μή
870 2645 1021 2723 δυναμένων
1040 2645 1107 2714 ὄνοις
1146 2649 1210 2709 δίων
1223 2647 1274 2706 ίιπδ
1290 2649 1342 2704 τῶν
1360 2643 1482 2724 ἡνιόχων.
1499 2673 1535 2684 -
1552 2641 1610 2703 ἐπεί
1628 2643 1706 2702 ἀλῶε
1727 2640 1849 2713 Κινήσω,
1864 2661 1930 2699 συν-
1944 2669 1968 2704 ειι
2034 2667 2035 2698 ι

326 2738 455 2814 χρῆσθαι,
467 2731 532 2808 μήτε
543 2754 572 2810 γε
583 2729 724 2803 δήίπποις.
734 2733 749 2789 δ
758 2728 848 2809 μέντοι
860 2730 976 2792 Πλάτων
988 2734 1015 2790 ἐν
1025 2732 1106 2814 τρίτῳ
1149 2735 1242 2818 τρίψει.
1252 2744 1283 2794 B.
1298 2743 1328 2791 D.
1340 2731 1483 2814 συντρίψω.
1498 2741 1529 2789 Ε.
1540 2730 1584 2788 ἐπί
1594 2731 1619 2789 α’
1631 2730 1687 2788 άλῶ
1701 2749 1708 2790 :
1722 2729 1870 2809 Συντρίψω.
1888 2726 1933 2807 a]
2034 2715 2035 2760 ί

330 2823 425 2898 Νόμων
436 2821 473 2900 [οι
485 2840 534 2892 τοι,
547 2820 573 2899 c]
583 2818 631 2892 τήν
642 2819 794 2879 τελευταίαν
805 2829 923 2901 περισπᾷ
936 2820 989 2880 ἀπδ
1004 2827 1048 2880 νοῦ
1059 2821 1106 2880 λέ-
1182 2843 1249 2882 ιουο.
1272 2819 1333 2898 (ὕπὸ
1346 2819 1391 2879 τδν
1409 2817 1531 2900 πρωκτόν
1550 2817 1579 2878 σδ
1596 2837 1604 2878 ε
1625 2817 1738 2888 Μήποτε
1754 2819 1802 2875 οὐκ
1815 2815 1872 2874 ἐστι
1885 2815 1931 2887 σε’,

326 2935 379 2987 γων
393 2908 473 2975 οὕτως
487 2937 499 2961 ι
515 2905 561 2966 καλ
579 2905 617 2985 μή
633 2906 752 2987 καθάπερ
765 2907 891 2987 ἀχάλινον
904 2908 1063 2986 κεκτημένον
1076 2909 1107 2970 τὸ
1147 2907 1215 2969 ἀλλά
1227 2905 1272 2966 τό·
1287 2911 1310 2967 εί
1322 2906 1360 2985 μή
1373 2906 1424 2987 ἄρα
1436 2905 1519 2985 λέγει,
1534 2903 1602 2974 άξεις
1615 2903 1723 2964 σεαυτδν
1737 2907 1771 2971 ώς
1785 2903 1829 2962 τδν
1842 2925 1936 2983 σειρα-

328 3029 339 3050 ιι
355 2996 455 3075 στόμα,
474 2997 518 3076 βίρ
535 2995 587 3054 ὑπὸ
597 3001 643 3054 τοῦ
657 2994 736 3074 λόγου
751 2994 892 3076 ρερόμενον
907 2994 977 3055 κατά
991 2995 1040 3069 τήν
1051 3019 1107 3056 πα·
1147 2997 1233 3080 ρόρον,
1244 2996 1309 3056 ὅπου
1320 2995 1397 3062 αὐτὸς
1406 2993 1527 3076 ἐργάζῃ.)

288 3121 314 3158 3,,
328 3115 339 3138 ο
359 3084 471 3168 ροιμίαν,
485 3082 591 3142 όπὸνοῦ
600 3083 699 3144 πεσεῖν.
711 3112 722 3134 ι
733 3082 750 3156 ἢ
760 3081 850 3151 ἔπαιξε
859 3081 924 3164 πρὸς
933 3083 964 3144 τὸ
973 3084 1017 3144 ὑπ’
1028 3086 1107 3145 αὐτοῦ
1189 3105 1250 3146 εεοι.
1265 3082 1398 3164 ξυνωρίσιν
1410 3102 1417 3143 :
1433 3059 1564 3163 Ξυνώρλς,
1579 3079 1650 3163 ἅρμα
1663 3079 1754 3138 ἵππων
1766 3077 1930 3158 ἐζευγμένον.
1945 3101 1968 3141 ιο

328 3172 473 3255 εἰρημένον,
485 3175 530 3230 καὶ
541 3169 598 3230 δέον
608 3171 690 3230 εἰπεῖν
700 3170 753 3231 ἀπδ
763 3175 808 3230 τοῦ
818 3177 876 3244 νοῶ,
887 3162 970 3250 εἶπεν,
979 3172 1026 3231 ἀπ’
1038 3172 1106 3234 όνου.
1152 3186 1216 3234 γιον.
1229 3171 1314 3233 λείπει
1325 3176 1343 3243 ή
1355 3167 1410 3230 σόν.
1423 3175 1452 3224 R·

326 3259 434 3328 Ἄλλως.
449 3259 578 3341 γράριται
590 3258 638 3318 καί
649 3261 695 3316 ἀπ’
709 3257 768 3318 όυου
781 3258 828 3318 καὶ
841 3258 894 3318 ἀπὸ
907 3265 962 3321 νοῶ.
980 3263 1067 3321 κεῖται
1081 3259 1108 3321 δέ
1190 3281 1252 3322 εευε.
1275 3261 1302 3319 ἐν
1317 3256 1426 3318 είοθόσει
1438 3259 1511 3316 κῶλα
1521 3255 1597 3338 τρία,
1608 3246 1645 3314 ῶν
1658 3253 1689 3313 τό
1702 3256 1806 3336 πρῶτον
1817 3253 1931 3314 Ἰωνικὸν

327 3349 457 3431 παροιμία
468 3349 514 3406 ἀπ’
524 3347 592 3408 όνσε.
604 3347 671 3428 ρασλ
679 3345 731 3428 γάρ
743 3346 784 3406 ότι
796 3346 842 3407 δύο
851 3343 919 3414 τινές
926 3348 1109 3429 περιτυχόντες
1148 3349 1279 3428 ἡμιόλιον.
1291 3358 1318 3405 R.
1331 3355 1362 3412 V,
1379 3343 1501 3427 [κορωνὶς
1515 3344 1560 3402 καλ
1575 3341 1684 3409 είσθεσις
1700 3341 1795 3419 μέλους
1813 3340 1931 3411 ἐξιόντων
2033 3397 2034 3402 ,

327 3439 378 3520 ὄνῳ
393 3441 419 3497 ἐν
433 3435 544 3517 ἐρημίᾳ,
556 3437 759 3517 ριλονεικῶντες
771 3433 836 3516 πρδς
849 3435 978 3508 ἀλλήλους
990 3436 1051 3518 περλ
1062 3441 1109 3498 τοῦ
1148 3439 1294 3517 ὑποκριτῶν
1304 3437 1511 3514 μονοστρορικρῦ
1522 3433 1554 3490 ἀκ
1565 3429 1658 3492 κώλων
1674 3430 1718 3502 ιη’.
1732 3419 1770 3488 ῶν
1784 3428 1816 3488 τὸ
1829 3433 1931 3509 πρόνοον
2033 3451 2034 3522 γ

288 3559 314 3594 ης,
327 3527 365 3594 τίς
381 3525 459 3585 αὐτὸν
472 3525 602 3605 λήψεται,
614 3522 706 3583 ἴλαθεν
725 3522 818 3591 αὐτοὺς
831 3523 912 3605 ἀμρω
929 3523 1110 3594 ἀπολέσαντας
1149 3521 1270 3600 ίαμόικὸν
1284 3519 1420 3600 τρίμετρον
1436 3517 1689 3601 βραχυκατάληκτον
1700 3521 1746 3576 τοῦ
1761 3542 1773 3568 ε
1785 3515 1929 3596 φλαύρων·
1942 3535 1964 3579 τε
2033 3533 2034 3586 γ

328 3614 415 3674 αὐτόν.
426 3611 524 3672 τοότων
536 3612 588 3692 γάρ
599 3610 757 3691 μαχομένων
768 3611 920 3692 ἀνεχώρησε
931 3611 962 3671 τδ
974 3611 1065 3693 ζῶον]
1148 3611 1226 3677 ποδὸς
1238 3609 1292 3668 ἀνθ’
1302 3607 1364 3678 θ’λης
1374 3605 1500 3684 ἐαμδικῆς
1509 3603 1631 3681 κειμένου
1641 3601 1766 3670 διποδίας.
1775 3601 1807 3662 τδ
1816 3601 1931 3681 δεύτερον

368 3704 428 3762 ιεπ.
449 3699 694 3782 προσκικλήσισθαι
713 3719 721 3760 :
740 3697 820 3778 (Ἀντί
839 3703 885 3757 τοῦ
904 3697 948 3758 δελ
969 3699 1108 3782 μαριώρων
1148 3702 1178 3758 ἐκ
1189 3697 1312 3777 διιοίμὸου
1325 3695 1372 3754 καί
1385 3695 1502 3755 Ἰωνικοῦ
1515 3691 1561 3750 ἀπ’
1575 3690 1716 3757 ἐλάσσονος
1730 3687 1853 3768 δίμετρον
1867 3691 1930 3746 ἀεισ-

328 3791 507 3872 άχθήτισθαι.)
519 3793 555 3856 είς
564 3788 594 3848 τδ
605 3787 773 3870 δικαστήριον
780 3787 966 3860 κληθήσεσθαι.
978 3788 1041 3867 (ἀπὸ
1051 3812 1109 3850 κοι-
1149 3787 1290 3862 τάληκτον,
1302 3781 1320 3856 ἢ
1331 3779 1455 3861 ῖαμόικὸν
1469 3777 1653 3863 έρθημιμιρίς.
1667 3777 1698 3836 εδ
1709 3775 1798 3858 τρίτον
1810 3775 1931 3854 ίαμόικόν

329 3885 372 3938 νοῦ
384 3877 412 3938 δέ
421 3877 452 3937 εδ
463 3879 566 3954 δοκεῖς.)
1150 3875 1269 3957 δίμετρον
1282 3871 1476 3942 άκατόληκτον.
1488 3868 1519 3928 τὸ
1530 3867 1654 3949 τέταρτον
1666 3864 1765 3944 ὅμοιον,
1777 3862 1795 3936 ή
1808 3865 1838 3924 ἐκ
1849 3863 1931 3922 παιώ-

289 3993 316 4032 ευ
371 3986 430 4028 ινιτ.
451 3965 539 4024 καινὸν
552 3963 604 4024 αῑελ
614 3963 660 4023 τδν
670 3963 722 4026 Δία
733 3985 740 4024 :
750 3961 834 4045 [Νέον
844 3961 977 4045 θδωρθειν
987 3965 1109 4043 νομίζεις,
1149 3988 1199 4022 νων
1212 3958 1387 4043 δευτέρων.τδ
1397 3959 1416 4017 ε’
1426 3955 1602 4038 χοριαμόικὸν
1611 3955 1638 4024 ἐξ
1648 3952 1786 4035 ἐπιτρίτων
1795 3951 1931 4032 τρίμετρον
1943 3970 1969 4009 εο

329 4054 416 4138 ρησὶν,
434 4052 451 4125 ἢ
469 4055 550 4112 πάλιν
569 4051 779 4131 ἀντεπαγόμινον
798 4051 863 4111 αὐτὸ
880 4052 932 4112 θπδ
945 4058 990 4111 τοῦ
1003 4053 1109 4135 ήλίου;]
1149 4046 1352 4123 καταληκτικόν.
1370 4045 1400 4105 τδ
1411 4047 1435 4114 ς’
1449 4044 1590 4125 τροχαῖκδν
1603 4043 1723 4123 δίμετρον
1738 4038 1929 4110 καταληκτικὸν

329 4147 364 4209 ῶς
375 4146 459 4200 ταῦτα
474 4137 564 4216 μαθὼν
578 4138 652 4222 παρδ
665 4137 824 4220 Σωκράτους
836 4137 906 4198 κατά
924 4139 954 4199 τὸ
965 4138 1108 4218 σιωπώμε-
1149 4139 1208 4212 ήτοι
1221 4133 1405 4219 ἐρθημιμιρές.
1418 4132 1448 4192 τὸ
1460 4133 1482 4202 ζ’
1496 4131 1594 4210 ὅμοιον,
1606 4130 1743 4212 τρίμετρον
1756 4127 1854 4208 μέντοι.
1864 4126 1893 4186 τὸ
1903 4125 1929 4198 η’

329 4253 380 4288 νον.
391 4241 423 4288 V.
1149 4225 1324 4309 χοριαμόικὸν
1344 4222 1481 4306 τρίμετρον
1501 4219 1765 4303 βραχυκατάληκτον.
1777 4215 1809 4274 τὸ
1825 4215 1848 4274 ό
1862 4218 1930 4273 ἀντι-

371 4335 430 4378 m.
451 4315 478 4374 τί
486 4315 575 4389 θηρίον
587 4335 595 4376 :
605 4312 733 4397 [Γινέςτδ
744 4314 832 4395 θηρίον
842 4314 907 4396 πρὸς
917 4315 962 4375 τὸν
972 4313 1109 4388 δανειστήν
1149 4312 1294 4374 σπαοτικδν
1308 4309 1336 4380 ἐξ
1352 4309 1484 4390 ἐπιτρίτου
1502 4307 1590 4390 τρίτου
1608 4305 1654 4366 καλ
1671 4305 1778 4385 πρώτω
1791 4297 1887 4382 δμοιω.
1901 4300 1929 4359 τὸ

291 4429 316 4468 εε
329 4405 448 4486 λέγουσιν
466 4407 595 4486 εἰρῆσθαι.
614 4403 673 4464 ἀντὶ
686 4408 745 4475 τοῦ,
758 4392 780 4463 ῶ
794 4401 891 4486 θηρίον,
907 4401 934 4463 τί
946 4406 1016 4463 ἐστιν
1033 4407 1047 4463 δ
1062 4405 1110 4464 τό-
1150 4402 1258 4464 δέκατον
1279 4397 1403 4478 ίαμόικδν
1422 4397 1542 4479 δίμετρον
1563 4389 1829 4478 βραχυκατάληκεον.
1848 4388 1876 4448 τδ
1894 4389 1927 4446 ια’
1942 4411 1967 4452 εε
2032 4399 2033 4430 ¹

330 4495 399 4576 κος.]
410 4494 467 4554 ἐπεί
478 4491 595 4571 γέννημα
605 4493 692 4576 ραμέν
701 4491 746 4550 ἐπὶ
758 4491 845 4572 θηρίου
858 4489 902 4550 καλ
914 4491 998 4551 τόκον.
1149 4493 1196 4552 καί
1211 4490 1245 4550 ιδ’
1260 4487 1339 4568 ὅμοια
1354 4490 1392 4568 τῷ
1408 4485 1498 4568 τρίτῳ.
1517 4483 1548 4546 τὸ
1562 4483 1597 4564 ιγ’
1610 4477 1787 4565 χοριαμόικθν
1803 4481 1928 4550 '‘tw‘'

371 4603 430 4644 εενο.
451 4581 649 4664 προόαίνοντος,
661 4579 876 4658 ἀναλισκομένου.
886 4590 917 4639 R.
930 4591 961 4639 v.
1151 4578 1237 4662 μερές.
1250 4579 1273 4637 εί
1289 4575 1316 4636 δέ
1331 4574 1432 4657 βούλει,
1444 4570 1600 4635 δακτυλικδν
1619 4570 1749 4652 δίμετρον.
1760 4566 1820 4626 em
1834 4589 1863 4638 ης
1872 4562 1930 4644 τρία

372 4692 432 4731 ιεοο.
454 4669 516 4745 [τήν
528 4670 660 4730 θάλατταν
672 4668 726 4730 εΤί
734 4667 801 4740 δῆτά
813 4669 883 4728 ἐστιν
894 4667 912 4727 ἀ
923 4668 1051 4748 νομίζεις;
1065 4669 1111 4729 καλ
1151 4663 1344 4729 ἀντισπαστικά
1371 4665 1538 4746 ἐρθημιμερῆ
1553 4651 1765 4742 ’Φεραρότῑια,
1794 4655 1931 4736 τροχθῑκῆἐ

330 4764 406 4818 τοῦτο
415 4757 443 4818 δέ
455 4758 535 4836 ἔμαθε
545 4757 654 4818 κατάτδ
665 4755 861 4837 σιωπώμενον]
1151 4755 1220 4818 κατδι
1232 4753 1281 4828 τὴν
1293 4751 1401 4834 πρώτην
1409 4752 1499 4832 χώραν
1511 4746 1634 4825 κειμένης
1646 4741 1828 4811 ταντνποδίαο
1840 4741 1867 4800 τὸ
1878 4758 1930 4798 Μ·

291 4876 319 4912 ιν
372 4866 432 4906 ιεοι.
454 4849 483 4904 οὐ
495 4849 625 4907 λυσιτελεῖ
636 4847 690 4914 τοῖς
700 4843 744 4904 ἐπὶ
754 4850 802 4924 γῆς
811 4844 920 4904 πλείονα
930 4837 996 4905 εἶναι
1006 4844 1054 4916 τὴν
1066 4843 1112 4904 δά·
1152 4843 1304 4928 ρατίλευτον
1318 4839 1407 4919 ὅμοιον
1421 4843 1459 4919 τῷ
1470 4837 1563 4919 τρίτῳ·
1578 4836 1635 4913 μεθ’
1646 4833 1661 4894 δ
1674 4832 1799 4913 ἐαμόικδν
1813 4829 1929 4910 δίμετρον
1944 4851 1968 4888 ιο

330 4936 515 4993 imum.
1143 4925 1421 5012 ματαληκτικδν,ήτοι
1430 4922 1614 5008 ἐρθημιμερός.
1623 4922 1666 4982 ἐπί
1675 4925 1714 5004 τῷ
1724 4919 1793 4981 πόλει
1802 4913 1930 4998 κόρακές-1
2031 4971 2032 4976 ,

373 5041 434 5082 ενοι.
454 5023 485 5081 τὸ
493 5023 660 5105 ἀμυντήριον.
672 5033 702 5083 R.
714 5033 745 5081 V.
1154 5011 1215 5096 (οἷον
1227 5019 1257 5078 τὸ
1269 5013 1434 5100 πραγμάτων
1448 5017 1510 5093 ἐρᾶν
1522 5033 1530 5073 :
1543 5011 1691 5073 Αίνίττεται
1704 5012 1740 5076 είς
1750 5007 1794 5067 τδν
1804 5003 1930 5085 Στροψιά-
2031 5045 2032 5102 γ

374 5129 434 5170 νινε.
454 5101 614 5192 ώσαμρόρα
635 5131 643 5172 t
662 5114 758 5173 Ταῶεα
775 5108 887 5170 ἐοικενό
907 5107 1007 5191 μάρτυς
1026 5108 1112 5189 λέγειν
1153 5109 1209 5180 δην,
1228 5107 1273 5166 καί
1292 5103 1363 5182 λέγει
1381 5101 1422 5161 ότι
1438 5101 1599 5172 δεινόν,ε’στι
1617 5099 1663 5158 καί
1683 5095 1761 5168 ἀηδές
1778 5094 1808 5154 τό
1828 5091 1928 5151 ἀτόπων
2031 5105 2032 5122 θ

335 5201 373 5279 τῷ
386 5199 516 5268 emani.
528 5207 556 5254 R.
570 5209 600 5256 V.
618 5197 676 5264 ἀντὶ
693 5204 741 5257 τοῦ
754 5199 801 5256 οιίκ
819 5197 976 5277 ἀναχωρεῖςς
987 5207 1018 5254 V.
1032 5195 1114 5278 [τινές
1153 5195 1232 5275 ἐρᾶν.)
1248 5193 1331 5252 ίστέον
1344 5189 1373 5250 δέ
1384 5189 1422 5249 δτι
1436 5191 1526 5250 ἐκεῖνοι
1540 5183 1717 5268 διαλεχθέντες
1729 5181 1926 5258 άπεληλόθασιν.
