4100 6109
678 464 868 525 SCAAOLAA
895 466 937 524 ΙΝ
966 466 1162 539 EQUATES.
1687 488 1722 539 41

123 613 173 652 οια.
187 594 223 659 άνς
237 590 278 649 άεί
291 614 336 649 ουτ
351 615 399 650 του
382 590 563 657 Κλέωνος
548 614 573 649 οι
573 589 734 669 ’ἐλάχιστόν
748 615 774 649 ι
788 612 901 669 κατηγο

122 688 231 759 ρυῦντος.
250 672 421 762 χωρίζετε
391 703 447 789 ρον,
465 681 543 761 φησὶ,
558 679 708 747 Χαλκιδέας
722 679 774 737 ἀπό
790 683 836 750 τῆς
850 684 902 737 τῶν

123 766 261 838 Ἀθηναίων
273 767 438 875 συμμαχίας.

159 874 206 915 770.
227 844 252 913 ῶ
264 854 398 933 γεννάδας
409 858 496 915 Τοῦτο
507 858 522 913 A
533 853 653 965 θεράπων
665 853 729 937 πρὸς
743 854 787 913 τόν
781 854 903 939 Ἀγορά·

96 965 213 1019 ταριτον.
229 966 257 1001 εν
267 942 360 1002 τισιδ
373 947 397 1003 οἱ
414 941 458 1003 δύο
470 966 557 1023 στιχοι
569 945 642 1001 ουκ
630 940 768 1020 έγνιεινται.

157 1052 204 1091 ειν.
227 1031 319 1111 ἄνδρες
343 1036 431 1101 ἱππεῖς
454 1052 461 1093 :
482 1031 528 1098 Ὠς
550 1030 787 1111 συκοφαντούμενοι
809 1033 903 1089 ε’πικα-

121 1122 223 1177 λοῦνται
239 1122 277 1187 είς
296 1120 416 1199 βοήθειαν
437 1120 495 1187 τοὺς
513 1119 619 1187 ἱππέας.
636 1117 769 1200 ἵππαρχοι
782 1118 810 1178 δέ
826 1118 900 1179 727-

122 1232 174 1283 μων
188 1208 234 1265 καὶ
248 1211 264 1266 A
279 1208 432 1275 Παναίτιος.

158 1315 203 1354 777.
224 1318 292 1375 προς
302 1320 333 1356 το
320 1296 471 1365 δεςιον
440 1318 543 1377 κερας
559 1296 606 1363 Ως
618 1295 661 1354 ἐπὶ
672 1294 769 1363 ταξεως
784 1294 872 1375 φησὶν.
889 1298 904 1352 A

90 1403 111 1442 ιο
122 1386 146 1443 δε
136 1382 333 1450 Ηαναίτιος“
320 1408 355 1451 ως
369 1385 451 1494 μέγας
464 1387 516 1441 τῶν
530 1383 630 1442 ἱππέων
645 1384 822 1463 κωμῳδεῖται.
837 1379 904 1449 τινὲς

122 1470 148 1529 δέ
163 1493 226 1552 φασι
240 1470 273 1529 τὸ
284 1470 332 1549 μὲν
343 1500 357 1525 ιι
370 1472 460 1553 ἄνδρες
471 1475 577 1537 ἱππεῖς
577 1440 903 1547 α’λλανόοπάνληνλέγειν,

122 1560 192 1617 ἄλλοι
202 1557 273 1617 δὲτὸ
289 1586 301 1611 ιι
315 1558 428 1640 άνδρες’
416 1559 506 1638 εγγύς,
521 1587 532 1611 ν
545 1558 589 1617 τὸν
602 1558 757 1638 θεράποντα.

157 1666 203 1705 εει.
223 1646 467 1727 κάπεναστρέφουτ
477 1646 578 1713 Ὡςτσυ
561 1648 636 1704 ”ιἰλλ
634 1645 794 1705 αντοπιίνλου
805 1668 903 1726 πεφευ

121 1734 204 1813 γότος,
217 1725 279 1792 εἷπε
266 1756 296 1792 ν
310 1735 424 1817 ιίναστρέ
412 1758 484 1815 ερον.

157 1840 203 1879 ειι.
225 1825 261 1887 ὡς
288 1826 356 1898 ὁμοῦ
381 1844 524 1902 προοκειμ
525 1843 610 1880 νων
633 1820 674 1881 Τό
697 1824 763 1898 ὁμοῖν
785 1820 905 1927 λέγουσιγ

91 1919 110 1957 ¹⁵
122 1908 256 1967 'A-:tutoA'
241 1909 302 1967 αντὶ
317 1934 364 1969 του
347 1908 497 1989 ”έγγύς.’
483 1934 518 1977 ως
536 1932 581 1969 και
570 1911 623 1968 έν
641 1908 710 1969 EA
677 1932 743 1991 ρηνη
760 1910 846 1988 [ινιτ]ι
859 1906 904 1969 καὶ

124 1987 341 2075 μήνθμοδστιν”
322 2000 386 2069 ηδη,
404 2026 415 2051 77
519 2062 522 2066 .

128 2104 204 2145 .‘777.
225 2094 290 2144 παῖε
307 2095 402 2146 παῖε;
420 2086 554 2145 Ἐντεῦθεν
570 2089 587 2156 ἡ
606 2084 719 2163 πάροδος
736 2082 836 2161 γίνεται
858 2088 904 2141 τοῦ

123 2180 197 2251 χοροῦ
215 2174 270 2231 άπὸ
288 2178 344 2233 τῶν
359 2173 460 2232 ἱππέων
478 2170 724 2252 συμπληρουμένου.
740 2170 856 2237 οἵτινες’
844 2194 903 2231 επι-

124 2258 281 2337 καλουμένου
303 2260 464 2327 ἀκούσαντες
481 2266 526 2318 τοῦ
545 2259 715 2340 θεράποντος,
734 2257 859 2325 εὐθέως
845 2281 907 2338 αρι-

92 2374 114 2411 οο
123 2354 236 2407 κνυῖνται
251 2349 427 2427 βοηθήσοντες
441 2350 520 2428 αύτῷ.
535 2345 796 2426 ταραξιππόστρατον
816 2347 844 2405 δὲ
858 2369 906 2405 κα

124 2442 193 2493 τοῖσι
207 2435 250 2493 τὸν
267 2434 398 2508 Κλέωνα,
411 2434 529 2494 τουτέστι
539 2434 584 2493 τὸν
597 2434 748 2515 ταράξαντα
764 2434 794 2493 τό
809 2436 906 2505 πλῖθος

124 2522 151 2582 τό
166 2522 282 2584 ἱππικόν.
302 2529 380 2582 τοῦτο
395 2522 422 2581 δὲ
436 2514 517 2595 εἶπεν,
529 2520 572 2583 ἰ’,να
587 2522 693 2590 δόξωσιν
710 2522 863 2589 είκότως’
834 2527 906 2603 αυτῷ

124 2612 287 2689 χαλεπαίνειν
301 2612 349 2671 καὶ
360 2611 434 2670 αὐτοί
444 2610 490 2669 καλ
503 2612 635 2687 πολεμεῖν.
651 2608 722 2680 ἣῖνα
736 2610 780 2669 τὸν
795 2588 905 2671 Κλέωνά

124 2697 188 2777 δειξη
202 2698 246 2756 διά
256 2699 367 2757 πάντονν
379 2697 568 2775 λυμαινόμενον
580 2696 628 2767 τὴν
643 2696 732 2769 πόλιν,
747 2699 906 2777 διαφθείρω·

93 2821 114 2858 77
126 2808 155 2841 77
178 2783 224 2861 μέν
242 2786 274 2844 τό
293 2786 416 2857 ἱππικὸν,
442 2784 654 2865 σφετεριζόμενον
676 2783 703 2843 δὲ
724 2785 784 2852 τοὺς
805 2786 905 2865 φόρους.

160 2874 279 2951 [εἶσθεσις
296 2872 326 2933 δὲ
315 2880 388 2946 ετῆς
401 2876 493 2943 διπλης
509 2871 674 2948 77077777‘
665 2871 759 2981 ετέρων
775 2873 905 2933 εἰσιόντων

126 2964 273 3039 ὑποκριτῶν.
292 2962 353 3019 οἱ
338 2959 366 3019 AA
387 2960 473 3040 77A777
488 2960 624 3041 τροχαϊκοὶ
637 2960 764 3042 τετράμετ
769 2984 817 3039 ροι
820 2984 905 3022 κοιτα-

126 3020 339 3118 ληκτίκοὶλζ.
319 3072 355 3106 ων
370 3050 515 3114 τελευταῖος

211 3190 250 3238 καὶ
262 3206 287 3237 τε
289 3206 370 3254 μαχος
379 3206 407 3237 ου
395 3188 529 3253 Ἰλερικλςῆ
539 3190 583 3240 οὐκ
593 3190 679 3248 ὴίιώθη
691 3190 795 3237 πώποτ’..

96 3311 165 3370 ³⁰A77A
176 3313 231 3381 ταῖς
249 3304 393 3371 ἀποθέσεσν
410 3314 590 3394 παράγραφος.
606 3311 696 3372 έπθδὲ
685 3316 749 3371 ·τῶ
767 3310 836 3371 τέλει
854 3316 905 3371 τῶν

128 3398 216 3505 στίχων
234 3401 318 3471 διπλῆ
334 3399 383 3467 ἔξω
394 3401 550 3511 νενευκυῖα]
567 3422 597 3459 κο
599 3400 687 3479 ρωνίς,
701 3374 781 3457 A7A’
759 3398 907 3478 ειοέρχεται

128 3486 217 3568 όχορδς
225 3510 277 3546 των
286 3486 402 3559 ἱππέων,
412 3512 457 3546 και
447 3487 597 3547 ποῶινσ
578 3510 682 3579 7777777
682 3496 787 3593 ρχαϊνιοι
777 3486 855 3545 λύ’.
876 3498 905 3545 V.

162 3594 207 3635 777
229 3574 275 3633 καὶ
302 3575 455 3647 τελάννην;
479 3554 689 3645 Διεόέύλητο
664 3598 695 3631 το
721 3580 766 3634 τοῖν
794 3574 906 3633 τελώνου

128 3661 218 3767 όγομα,
232 3666 268 3730 ως
281 3662 330 3721 καί
350 3686 395 3721 του
378 3661 561 3729 ’”Κλέωνος“’
545 3686 617 3729 οντος
637 3661 764 3735 τελώνου,
780 3662 825 3721 καὶ
842 3660 905 3742 ὑπὲρ

97 3751 155 3808 τετὸ
170 3753 240 3818 τέλος
257 3752 439 3817 τελωνοῦντας.
454 3773 506 3859 7777
482 3748 594 3829 Ηαγξ
571 3774 615 3857 με,
636 3750 666 3809 τδ
686 3748 851 3859 ἀπόσχισμα
860 3755 906 3819 τῆς

99 3842 181 3914 γῆς,
194 3838 242 3896 δ
218 3861 248 3896 το
260 3842 451 3949 παρεμπῖπτον
463 3837 532 3917 ὕδωρ
546 3836 624 3897 πίνει.
608 3860 714 3896 777777
729 3837 756 3895 δὲ
774 3836 819 3895 καί
831 3840 865 3905 είς
877 3861 906 3895 το

129 3926 270 4005 κακόφωνον
283 3926 376 3986 αὐτου.
386 3925 514 4007 χάρυύδιν
525 3922 577 3985 AA
564 3948 620 4006 αρτ·
611 3929 701 4003 αγῆς,
712 3928 747 3991 ὡς
759 3928 851 3983 πᾶνότ
852 3931 906 3983 ιοῦν

130 4014 145 4069 A
179 4013 271 4081 σίζοντα

147 4036 284 4182 pAA77777A
300 4122 309 4161 z
325 4098 368 4162 TA
384 4104 432 4173 τῆς
452 4105 500 4177 γῆς
521 4100 659 4181 βάραθρον.
679 4099 706 4172 θ,
728 4098 772 4159 AAv
785 4103 819 4166 εἰς
843 4100 907 4159 αὐτὸ

98 4214 120 4253 ω
130 4187 192 4267 ὕδωρ
205 4187 324 4269 ἐμπέσῃ,
346 4188 442 4267 ἀφανὲς
462 4198 541 4249 ποιεῖ.
563 4191 599 4255 είς
613 4188 709 4260 ἄδηλον
726 4187 777 4269 γάρ
792 4188 821 4245 τὸ
837 4186 906 4267 ὕδωρ

131 4276 353 4335 καταναλίσκεται.
366 4282 442 4336 τοῦτο
456 4276 484 4335 δέ
497 4275 541 4335 διδ
551 4276 582 4334 τὸ
595 4274 746 4356 κακόφοννον
758 4280 803 4333 τοῦ
817 4274 906 4334 Κλέω-

118 4374 168 4429 ’νις
179 4364 222 4422 καὶ
233 4362 265 4423 τό
274 4364 381 4445 κράζειν
398 4366 433 4431 ὡς
445 4362 551 4422 ἐπὶτῶν
563 4366 664 4443 πετρῶν
678 4360 712 4420 τά
728 4360 845 4437 κύματα.

165 4470 210 4510 277.
230 4451 438 4528 κάπικείμενοςτ
455 4450 523 4510 Ἀντί
536 4456 581 4509 τοῦ
598 4448 703 4508 τύπτων
721 4447 809 4509 αὐτόν.
825 4446 868 4507 διά
879 4446 907 4508 δὲ

101 4573 122 4610 7
134 4538 235 4597 Κλέωνα
246 4546 325 4597 ταῖτο
336 4540 416 4598 ποθιιν
429 4538 513 4615 λέγει,
528 4535 618 4607 ἐπειδὴ
628 4534 774 4617 κεκράκτης
785 4527 826 4607 ἦν.

166 4646 212 4685 777.
232 4617 286 4686 οἶδε
305 4626 353 4695 τὰς
365 4625 461 4692 όδοθνςε
475 4624 649 4695 Ἠπίσταται,
668 4622 746 4703 φησὶ,
762 4622 808 4689 τὰς
824 4645 907 4681 κατα-

134 4712 209 4821 δύσειφ
222 4714 375 4796 Εὐκράτους
386 4713 433 4781 τὰς
449 4714 494 4773 7777
504 4710 537 4772 τὰ
548 4736 581 4771 κυ
584 4710 671 4792 ρήύια.
685 4708 798 4791 κυρήὸια
814 4710 842 4769 δέ
856 4712 907 4768 εἰσι

133 4798 188 4859 τά.
180 4799 272 4881 πίτυρα
292 4801 379 4862 καλ
361 4824 449 4882 αχυρα
466 4804 517 4859 τῶν
531 4824 567 4859 πυ
596 4823 620 4859 ιν
634 4796 651 4870 ἢ
666 4802 769 4879 κριθων.
786 4800 907 4876 μυλῶνας

134 4888 234 4968 δὲἔχινν
249 4896 264 4949 7
277 4889 419 5000 Εὐκράτης
439 4888 544 4956 εἰκότως
561 4823 674 4969 ‘A‘
633 4910 678 4945 και
668 4886 822 4967 κυρήύια.
841 4889 906 4945 ἐκω-

103 5006 124 5044 ω
135 4968 295 5054 μείδησενΤ
264 5001 309 5036 ουν
330 4977 456 5058 εὐκαίρως
472 4976 549 5036 αύτον
565 4979 601 5042 ὡς
617 4974 793 5055 μυλωνάρχην
810 4974 887 5033 777²
873 4998 907 5041 ως

135 5062 181 5138 πρὸ
199 5066 276 5124 αύτου
259 5063 517 5143 ’πολιτευσάμενσν
535 5062 581 5123 καλ
601 5060 759 5142 πεφευγότα.
780 5060 846 5131 τινές
834 5064 907 5136 δὲ,

128 5141 211 5223 δτιῆν
225 5152 407 5233 μυλωνάμχης.

170 5258 215 5301 εει.
235 5240 398 5322 κυρηύίων.
421 5238 506 5301 Ἔνθα
528 5242 556 5300 αί
574 5239 671 5321 κάχρυς
689 5238 838 5319 φρόγονται.
857 5239 906 5299 κά-

943 616 1008 701 χρυς
1027 594 1096 653 δέ’
1074 618 1155 655 τισιν·
1149 600 1187 654 ιαὶ
1204 596 1392 674 λελεπισμέναι
1408 600 1539 679 κριθαλ,’
1524 626 1561 684 αφ
1562 594 1617 662 ’ῶν
1634 609 1652 676 ἡ
1670 628 1728 665 πτι-

943 682 1020 753 σάνη.
1031 680 1147 742 σκώπτει
1156 683 1183 743 δὲ
1194 685 1239 743 καὶ
1249 685 1293 745 τὸν
1304 686 1467 768 Εὖκράιην’
1452 712 1489 755 ως
1497 688 1620 763 τοιαύτην
1632 692 1727 773 τέχνην

944 768 1048 848 ἔχοντα.
1060 773 1087 829 ἰν
1098 770 1188 839 ἄλλοις
1199 777 1260 850 γοῦν
1274 781 1314 846 [A.
1329 782 1379 845 τεο]
1391 775 1569 857 φανερώτερόν
1580 801 1645 860 φησι
1657 807 1669 833 ι
1681 770 1743 840 καθ

944 856 976 915 σθ
990 858 1319 941 κυρηάιοπῶλαΕύκρατες
1331 862 1441 931 στύπαξ.
1455 892 1467 916 ν
1481 870 1580 925 -τῶν
1590 867 1725 944 μολόντων.

944 944 1058 1025 κυρηὸια
1059 944 1122 1053 γάρ
1134 944 1211 1004 τά
1179 971 1276 1028 πιτυρα
1289 972 1341 1007 των
1353 954 1457 1031 κριθῶν
1475 964 1507 1010 V.
1644 1004 1647 1008 J
1738 994 1751 1030 7

984 1052 1033 1091 νει.
1054 1022 1078 1091 A
1093 1033 1209 1112 γέροντες
1223 1034 1389 1096 ‘27777777777
1401 1041 1489 1097 Τοῦτο
1502 1044 1516 1099 A
1531 1039 1623 1101 Κλέων
1642 1042 1727 1120 λέγει,

944 1118 990 1176 καλ
1005 1120 1082 1188 αὐτὸς
1097 1122 1356 1200 ἐπικαλούμενος
1316 1148 1375 1191 τους
1394 1126 1518 1194 δικαστάς
1535 1132 1571 1195 εἰς
1592 1131 1725 1208 βοήθειαν.

946 1204 1053 1265 Ἠλιαία
1073 1208 1125 1290 γάρ
1150 1208 1279 1287 μέγιστον
1294 1212 1462 1294 δικαστήριον
1486 1214 1629 1289 Ἀθήνησιν.
1653 1220 1723 1277 71u
1698 1243 1726 1279 οε

945 1293 1097 1353 δικασταὶ
1087 1296 1138 1354 υπὸ
1155 1301 1207 1355 τῶν
1226 1300 1392 1377 δημαγωγῶν
1413 1300 1564 1414 ίτρέφρντρ,
1583 1306 1726 1421 τριάνόολρν

944 1381 1124 1456 λαμὸάνοντες
1146 1384 1237 1460 μισθόν
1263 1387 1412 1446 δικαστικὸν
1436 1388 1503 1466 μετά
1525 1391 1555 1449 τό
1575 1402 1670 1473 κρῖναι.
1691 1401 1727 1464 ὡς
1743 1417 1767 1455 ιο

945 1466 1142 1549 δημαγωγος
1112 1495 1156 1531 ουν
1167 1476 1332 1533 ἐπικαλεῖται
1342 1475 1385 1541 οθς
1396 1476 1425 1534 ἔτ
1441 1500 1485 1558 εφε
1496 1479 1663 1561 [φράτορας’
1646 1506 1727 1561 ηγονν

946 1560 1076 1635 συγγενεῖς
1103 1563 1188 1639 Vict..]
1210 1560 1420 1672 αμγγενεὶςδέι
1374 1500 1505 1622 77F77
1489 1563 1701 1646 τρυοὸολου,
1673 1594 1726 1631 οιον

945 1648 1173 1757 προσῳκειωμένοι
1186 1651 1231 1708 καὶ
1245 1652 1456 1759 πρρσπεφυκότες
1468 1678 1506 1712 τω
1487 1657 1665 1738 ”τριωύολιμ.
1681 1661 1728 1718 καὶ

945 1732 996 1812 γὰρ
1009 1732 1068 1801 τοὺς
1088 1745 1219 1845 σμγγενιῖς
1235 1737 1366 1818 φράτορας
1383 1742 1517 1801 καλοῦσιν.
1533 1744 1584 1803 εἰσὶ
1598 1744 1626 1803 δὲ
1643 1750 1714 1806 σί
1680 1772 1728 1819 της

946 1823 1025 1892 αὐτῆς
1039 1822 1150 1902 φατρίας
1168 1848 1230 1901 μετε
1218 1823 1367 1903 ἔχοντες,ο
1353 1818 1405 1885 οἷον
1422 1831 1536 1909 πατρίας
1548 1830 1624 1898 τινός.
1636 1837 1726 1910 δγουν
1743 1851 1767 1891 ιε

945 1907 1038 1989 Ὀμηρ
1039 1932 1066 1977 ος
1079 1913 1381 1986 [11.Ν,σοι]τλνόυιην
1394 1916 1498 1998 πάτραν
1510 1916 1594 1997 λέγει,

1039 2046 1054 2095 ἶι
1049 2048 1110 2109 ,μάν
1120 2048 1281 2114 ἀμφοτέροισιν
1291 2051 1348 2114 ὁμὸν
1359 2053 1423 2111 γένος
1435 2054 1464 2112 ἠδ
1465 2054 1508 2102 ’λα
1519 2056 1602 2121 πάτρη.

947 2169 992 2229 καῖ
1006 2157 1075 2228 κατα
1061 2168 1222 2251 άναφορδιν
1240 2171 1327 2253 πάτρη
1342 2175 1473 2235 καλεῖται.
1494 2176 1685 2251 μεταπέπτονκε
1674 2180 1728 2240 ·AA

947 2255 1023 2317 τδι.
994 2278 1082 2336 στοιχε
1083 2266 1121 2319 ῖα.
1136 2258 1255 2338 καθαπερ
1267 2259 1311 2317 ἐτι
1324 2262 1400 2317 τοῦδε
1407 2262 1566 2343 ,δφάτριος
1573 2264 1642 2331 ’Ζεθς
1655 2268 1728 2327 καὶὸ

947 2342 1096 2422 πάτριος.
1083 2344 1159 2403 τὸδὲ
1175 2346 1316 2425 τριῶάολον
1335 2346 1504 2457 ἡμίδραχμόν
1521 2353 1601 2411 ἐστιν.
1619 2351 1728 2413 Ηλιαία
1741 2379 1768 2416 77

948 2428 975 2489 AA
992 2433 1128 2505 καλεῖται,
1146 2433 1229 2491 διὰ
1205 2457 1236 2492 το
1249 2434 1384 2512 ὑπαίθριον
1404 2438 1468 2493 αὐτο
1454 2428 1602 2495 εἶναι
1560 2461 1606 2497 και
1625 2440 1720 2503 ὑπὸ·
1689 2446 1728 2500 τῶ

948 2517 1014 2599 ἡλίῳ
1029 2478 1181 2588 καθέζείτθαι
1194 2520 1253 2587 τους
1267 2521 1435 2589 συνελθόντας
1446 2523 1579 2592 δικαστάς.

987 2626 1035 2665 777.
1055 2606 1156 2674 οθς’
1109 2632 1165 2752 εγω
1181 2606 1295 2686 βόσκωε
1310 2611 1442 2688 Ηικρως“
1429 2634 1464 2677 ως
1478 2610 1672 2713 θρέμμασιν
1642 2625 1729 2683 αυτοῖς

947 2692 1074 2773 κέχρηται
1091 2695 1202 2806 ἅλμ’γρις.
1222 2696 1326 2775 βόσκειν
1338 2696 1390 2774 γάρ
1406 2698 1502 2755 ἐπὶ
1468 2722 1519 2756 των
1535 2699 1637 2776 ἀλόγων
1655 2702 1728 2783 ζῴων

946 2782 1052 2841 τίθεται.
1066 2783 1134 2843 τὸδὲ
1147 2783 1235 2842 δίκαια
1248 2784 1360 2862 κᾶδικα,
1373 2808 1425 2843 οιον
1441 2786 1584 2847 ἕκδικαίου
1597 2789 1655 2866 [καὶ
1669 2762 1728 2851 άδι·
1718 2812 1766 2850 -εσ

947 2871 1014 2949 κου].

986 2980 1037 3019 777.
1061 2958 1214 3036 ξυνωμοτῶν
1233 2980 1241 3020 :
1259 2959 1435 3037 Ξυνωμοσίαν
1453 2963 1647 3039 πεποιημένων,
1665 2987 1728 3023 τοο-

947 3046 1018 3107 πίστι
1033 3047 1133 3116 πίστεις
1146 3052 1172 3107 δι
1172 3048 1275 3156 ’δρκων
1289 3048 1412 3108 διδόντων
1433 3055 1520 3118 αὑτοῖς
1539 3053 1585 3111 καλ
1599 3054 1729 3125 συνθήκας

947 3160 998 3194 κατ
997 3137 1083 3214 ’έμου
1089 3137 1278 3208 πεποιηκότων.
1319 3134 1427 3203 Ἄλλως.
1434 3140 1620 3218 προδοτῶντου
1633 3141 1727 3219 δήμου.

947 3228 998 3283 τῶν
1010 3224 1190 3293 συνομνόντων
1205 3225 1248 3283 7777
1261 3248 1294 3303 τη
1277 3218 1415 3305 ”καθαιρε’
1415 3248 1445 3284 σε
1447 3250 1455 3283 ι
1468 3231 1514 3285 τοῦ
1528 3226 1622 3305 δήμου.
1741 3246 1768 3285 77

987 3333 1035 3377 277.
1055 3315 1116 3393 πρὶν
1128 3316 1246 3422 A777A7:
1264 3312 1330 3393 Πρὶν
1344 3318 1603 3393 χειροτονηθῆναι,
1584 3334 1644 3397 πριν
1659 3320 1727 3389 κλη-

949 3405 1070 3509 ρωθῆναι.
1089 3399 1165 3504 777Au
1157 3403 1294 3477 διανομῆς,
1308 3400 1396 3479 φησὶν,
1411 3400 1511 3480 άρπάζε
1513 3425 1543 3467 ις.
1559 3406 1576 3472 A,
1589 3406 1725 3486 μεταφορὰ

949 3487 1001 3547 άπὸ
1016 3492 1069 3547 τῶν
1084 3491 1111 3547 ἐν
1123 3489 1176 3554 τοῖς
1188 3487 1300 3553 δείπνοις
1311 3486 1480 3566 ἁρπαζόντων
1491 3510 1543 3568 προ
1530 3488 1687 3567 διανομῆς.

987 3598 1036 3637 777.
1058 3576 1274 3643 κνῖποσυκάζειςι
1291 3576 1476 3654 Συκοφαντεῖς.
1495 3575 1628 3680 έχρησριτο
1645 3577 1726 3636 δὲ
1690 3602 1728 3637 τιν

947 3663 1073 3741 ὀνόματι,
1090 3668 1125 3745 άφ
1126 3656 1231 3722 ὀύ
1188 3687 1234 3722 και
1245 3662 1409 3741 συκοφάντης
1420 3662 1554 3734 ἐκέκλητο
1566 3687 1596 3722 το
1583 3663 1659 3745 γάρ
1673 3688 1727 3723 πα·
1741 3694 1768 3735 77

946 3721 1065 3809 λαῶν’
1039 3772 1115 3825 τιμια
1132 3772 1186 3829 παρ
1187 3747 1205 3805 A
1221 3756 1275 3814 τοῖς
1288 3748 1428 3819 Ἀθηναίοις
1451 3748 1532 3807 τὰ
1500 3771 1568 3807 συνια
1588 3741 1627 3820 ἦν,
1643 3749 1689 3809 καὶ
1706 3749 1731 3809 εἴ

949 3860 987 3905 τις
1001 3835 1154 3908 διαύληθείη
1173 3835 1302 3907 κλέπτων,
1316 3835 1464 3905 ἐκολάζετο.
1478 3836 1578 3917 φαίνειν
1598 3836 1626 3895 δὲ
1640 3832 1729 3917 ἔλεγον

947 3925 977 3983 τό
999 3926 1163 4004 κατηγορεῖν.
1228 3922 1338 3990 Ἄλλως.
1358 3923 1479 3991 συκάζειν
1489 3947 1520 3981 το
1507 3923 1682 3998 ἀποθλίύειν
1696 3925 1730 3985 τδι

948 4018 1030 4084 σῦκα,
1044 4036 1068 4069 ει
1058 4010 1169 4087 ’A7A
1156 4037 1173 4081 η
1184 4009 1306 4091 πέπειρα.
1322 4002 1450 4078 7777Ac777'⁴
1419 4035 1464 4069 ουν
1479 4010 1607 4089 επτίνεγκε
1619 4011 1649 4071 τό
1660 4016 1729 4071 ἀπο-

948 4100 1055 4175 πιέζων,
1068 4066 1125 4158 έπέῖ
1137 4097 1321 4159 άπυθλίύει
1282 4122 1342 4166 τους
1351 4097 1605 4181 συκοφαντουμένους
1616 4100 1715 4158 καλέ
1670 4124 1729 4159 πιε-
1742 4128 1768 4167 77

948 4192 985 4257 ζει
997 4188 1158 4267 δονροδοκῶν.

987 4274 1047 4342 τοὺς
1073 4273 1228 4342 ὑπευθύνους
1259 4278 1367 4334 σκοπῶν
1390 4293 1398 4333 :
1427 4273 1655 4352 Διαλογιζόμενος,
1684 4275 1730 4333 καῖ

948 4366 1024 4444 ὁρῶν,
1036 4361 1082 4422 καὶ
1095 4364 1332 4443 πολυπραγμονῶν.
1344 4361 1426 4441 [ὠμός
1438 4362 1479 4435 δὲ,
1490 4360 1617 4441 σκληρὸς,
1627 4363 1728 4420 δυσκα-

947 4450 1110 4529 ταμάχητος.
1123 4450 1182 4508 ἀντὶ
1194 4451 1221 4508 δὲ
1234 4456 1281 4509 τοῦ
1292 4452 1375 4509 εἰπεῖν
1383 4450 1478 4522 πένης,
1490 4447 1507 4520 ἢ
1518 4448 1651 4520 πλούσιος,
1664 4449 1728 4508 ἐπέ-

949 4560 1020 4616 μεινε
1036 4542 1069 4617 τῇ
1086 4546 1221 4647 μὶεταφοράΙ
1235 4542 1271 4603 ῶς
1282 4537 1325 4596 έπλ
1337 4536 1447 4615 σύκων]
1463 4535 1534 4596 τὸδέ
1551 4534 1671 4607 πέπωνῆ
1690 4535 1728 4613 μὴ
1740 4561 1767 4601 ⁴7

948 4624 1039 4683 πέπων
1051 4624 1110 4684 ἀντὶ
1123 4649 1168 4684 του
1150 4625 1298 4696 ἁπαλὸς,
1310 4624 1405 4705 ῥφδίως
1416 4626 1597 4691 διασεισθηναι
1611 4622 1728 4700 δυνάμι

948 4736 998 4779 νος.
991 4716 1190 4794 μεταφορικῶς
1202 4711 1230 4771 δὲ
1244 4712 1298 4771 ἀπὸ
1309 4735 1353 4772 τοι
1336 4711 1484 4778 συκάζειν
1498 4708 1597 4775 τούτοις
1607 4712 1660 4775 τοῖς
1671 4709 1729 4767 ὀνύ-

949 4824 1014 4877 μασι
1022 4823 1158 4880 κεχρηται
1151 4800 1230 4875 ωμδι
1236 4797 1287 4878 γάρ
1298 4797 1333 4857 τὰ
1344 4796 1475 4873 μηδέποτ’
1461 4794 1627 4879 ωριμακότα.
1636 4796 1728 4875 ὥσπερ

948 4878 992 4946 σύν
1011 4888 1055 4947 ἐπὶ
1075 4892 1127 4947 τῶν
1148 4889 1257 4966 καρπῶν
1279 4887 1309 4943 έκ
1330 4882 1432 4963 μὲν”
1397 4908 1449 4942 των
1469 4882 1652 4943 πεπανθέντων
1672 4882 1728 4941 ἔστι

949 4973 1092 5087 δρέψασθαι
1111 4974 1157 5034 καλ
1179 4977 1280 5056 φαγεῖν,
1301 4974 1332 5031 έκ
1351 4970 1435 5031 δὲ
1399 4996 1451 5031 των
1472 4970 1565 5051 άάνρων
1584 4970 1630 5031 καῖ
1649 4972 1767 5046 ῶμωνεε

949 5062 1036 5123 ούκέτι
1043 5061 1156 5134 ,ούτως,
1172 5060 1249 5140 φησὶ,
1263 5058 1310 5118 καλ
1323 5059 1416 5117 ίπλ
1380 5082 1432 5119 των
1450 5058 1593 5139 ἀνθρώπων
1606 5063 1620 5116 A
1635 5056 1727 5118 Κλέων

949 5150 1117 5229 διελογίζετο,
1135 5149 1182 5207 καλ
1202 5146 1355 5228 διέκρινε’
1330 5170 1369 5213 τις
1387 5146 1532 5218 ἔπιτηδειος
1550 5148 1727 5215 διασεισθηναι

962 5238 1006 5297 καί
1017 5238 1055 5305 τίς
1069 5236 1183 5316 σκληρός
1196 5259 1242 5295 και
1230 5234 1500 5314 δυσκαταμάχητος.
1515 5232 1670 5299 ὑπευθύνους
1685 5230 1726 5304 δὲ,
