4100 6109
715 431 877 490 ειιοιιι
906 429 949 490 ιν
979 429 1128 492 νυιιιιε.
1678 456 1714 506 ⁸³

121 566 252 644 γενόμενος.
266 569 312 622 τοῦ
328 562 539 639 Ἀλκμαιωνιδῶν
553 559 580 618 δέ
594 552 723 629 αὐτοίείσι
737 560 832 639 γένους.
846 562 890 617 αὐ·
933 551 1006 630 ήλθε.
1019 563 1131 621 καθόλου
1143 561 1193 644 γάρ
1211 565 1236 621 έν
1252 565 1302 631 τοῖς
1317 566 1406 624 ίπάνω
1425 566 1505 626 ιίπόιν
1523 567 1568 642 τήν
1589 575 1714 652 εὐδαιμο-

120 657 158 720 ςὸς
171 651 197 712 δὲ
209 648 360 710 διεύάλλετα
372 653 408 716 ῶς
425 650 523 715 δοῦλος.
540 651 669 729 θπρῶτας
683 633 728 707 οὐν
747 649 891 726 Μεγακλῆς
933 648 990 706 νίαν
1002 646 1050 721 τήν
1063 651 1157 707 ἑαυτοῦ

121 739 243 820 Κοισύρας
259 729 293 809 ήν
315 737 383 808 υίὸς,
405 736 464 808 ἥτις
486 727 518 808 ἦν
540 734 734 818 ύπερῦσίνουσα
757 735 825 814 γένει
844 736 890 794 καὶ
1011 790 1089 853 W
1096 790 1192 852 mim
1235 794 1273 840 m„
1287 808 1305 840 π
1465 798 1470 810 ,
1564 797 1586 847 ,λ

119 828 224 909 πλαύτιρ.
242 816 318 896 ήνδδ
336 825 364 893 ίξ
381 823 528 905 Ἐρετρίας.
546 822 645 882 διὸκαὶ
662 827 840 904 καισυρεῑσθαι
859 821 889 882 τδ
1192 807 1225 853 ‘⁶’
1268 809 1275 840 ⁸
1305 793 1572 861 mmmmm
1587 815 1635 858 Μ’

93 938 106 974 ε
119 916 182 994 μέγα
193 917 305 996 φρονεῖν,
320 911 382 992 παρ’
395 909 596 991 Ἐρετριεῦσιν]
610 901 684 977 αὐτας
697 915 743 969 τοῦ
756 911 844 990 γένους
855 901 888 983 ήν
933 913 1014 972 πάλιν
1028 913 1196 995 καταμερίζει
1212 913 1289 978 αὐτά.
1308 916 1361 976 άπὸ
1373 917 1421 996 μέν
1438 917 1488 1001 γάρ
1508 923 1560 980 τῶν
1576 923 1715 1002 πραῦάτων

117 1007 167 1062 τῶν
177 1000 393 1078 Ἀλκμαιωνιδῶν.
412 997 583 1057 ἐδιπλασίασε
604 997 632 1056 δὲ
649 996 680 1056 τύ
695 999 788 1075 ὄνομα.
798 1010 828 1058 R.
844 1004 890 1058 τοῦ
933 998 967 1060 τδ
979 998 1054 1081 ίρια,
1069 1001 1121 1060 άπδ
1136 1001 1163 1060 δέ
1183 1007 1237 1062 τῶν
1251 1005 1406 1087 στεμφύλων
1423 1006 1485 1087 τρύξ
1501 1008 1547 1067 καὶ
1565 997 1644 1084 οἶνος,
1663 1013 1742 1080 ἀπὸ,

117 1089 182 1150 κατέ
191 1087 256 1149 πολύ
272 1086 387 1156 ἔνδοξον.
401 1085 478 1155 δὶςδθ
499 1085 529 1145 τδ
550 1087 615 1145 αὐτὸ
628 1075 700 1146 εἶπεν
720 1087 889 1168 εἰρωνευόμε·
934 1087 962 1148 δέ
975 1097 1086 1172 τρασιᾶς
1096 1089 1129 1148 τδι
1142 1091 1234 1172 σῦκα]

115 1179 211 1244 νοοθ.
973 1197 1009 1236 ιιι.
1031 1179 1309 1257 καταγλωττισμάτων
1330 1205 1336 1242 :
1355 1167 1433 1250 Εἶδος
1444 1183 1599 1264 φιλημάτων
1611 1209 1716 1268 περιερ-

155 1287 187 1325 ετ.
206 1261 360 1346 [ἀδελφιδῆν
381 1281 389 1322 :
407 1263 464 1322 Τοῦ
477 1261 591 1342 δδελφοῦ
605 1261 685 1320 αὐτοῦ
702 1259 841 1341 θυγατέρα.
852 1263 889 1321 Θ.
933 1263 1039 1344 γότερον
1052 1261 1082 1323 τδ
1093 1263 1325 1344 καταγλιίιιτιομα·
1346 1265 1592 1346 ήκαλακευμάτοιν.
1608 1273 1640 1354 [ἢ
1651 1265 1716 1342 εἶδος

80 1381 103 1416 ια
119 1383 149 1394 -·
158 1354 270 1434 ἄγροαιας
279 1347 316 1410 ῶν
328 1349 356 1418 ἐξ
366 1349 458 1415 ἄστεος
469 1369 477 1408 ι
488 1351 548 1410 Οὐκ
558 1351 643 1429 αἰργῶς
653 1353 685 1429 τῇ
694 1347 837 1430 παραθέσει
845 1353 890 1406 νῦν
934 1351 1046 1432 αἰσχροῦ
1065 1350 1211 1434 φιλήματος
1227 1352 1256 1412 τὸ
1270 1353 1502 1435 καταγλόιττισμα.
1516 1359 1609 1440 κυρίοις
1624 1359 1652 1420 δὲ
1667 1386 1715 1421 κα-

115 1443 250 1524 ἑχρήσατο.
270 1441 301 1498 οὐ
315 1439 367 1517 γδρ
384 1436 508 1496 ὀνειδίσαι
523 1437 679 1516 βουλόμενος
696 1435 788 1495 έαυτδν
802 1435 890 1516 άγροι-
933 1437 1136 1518 ταγλῶττισμα,
1151 1441 1213 1500 ὅταν
1227 1443 1253 1499 ἐν
1266 1445 1303 1523 τῷ
1313 1445 1396 1524 καιρῷ
1410 1447 1456 1516 τῆς
1472 1446 1608 1518 συνουσίας
1622 1453 1636 1507 δ
1649 1449 1715 1531 ἀνὴρ
1731 1475 1755 1514 10

114 1555 160 1590 κον
170 1529 254 1587 καλεῖ·
268 1525 378 1598 άνάητον
393 1525 445 1606 γὰρ
459 1523 504 1583 καλ
522 1523 645 1606 ἄγροικον
662 1526 818 1598 παντάπασι
831 1527 891 1583 διιε-
934 1523 982 1596 τήν
991 1527 1112 1603 γλῶτταν
1125 1531 1203 1587 αὐτοῦ
1214 1531 1253 1608 τῷ
1265 1533 1311 1600 τῆς
1324 1532 1447 1608 γυναικὸς
1459 1533 1580 1614 ἐμύαίλλη
1593 1535 1714 1614 στόματι.

115 1619 217 1677 cmm
230 1613 335 1673 ἑαυτόν*
350 1612 421 1672 ἀλλδ
431 1617 534 1694 πρῶτον
552 1612 600 1690 μὲν
613 1613 761 1685 λεληθότως
774 1613 818 1672 διδ
830 1613 892 1672 τού-
936 1613 1002 1684 [ἐστὶ
1016 1613 1044 1672 δὲ
1058 1613 1104 1673 καί
1118 1617 1132 1672 ὁ
1145 1615 1282 1698 λαφυγμδς
1296 1619 1364 1676 κατδι
1376 1617 1423 1696 μέν
1437 1643 1509 1688 τινας
1520 1620 1550 1680 τδ
1560 1622 1631 1682 αὐτό·
1646 1626 1715 1684 κατδ

114 1730 159 1765 τοο
173 1706 219 1775 τήν
235 1701 361 1784 εὐπορίαν
376 1701 491 1760 δείκνυσι
508 1699 557 1772 τὴν
569 1704 671 1759 ἑαυτοῦ.
689 1703 719 1760 αὐ
740 1700 791 1783 γάρ
811 1698 853 1774 δν,
869 1703 891 1758 εί
935 1699 963 1759 δέ
981 1724 1054 1769 τινας
1067 1705 1084 1772 ἡ
1099 1702 1192 1782 άλαγος
1210 1704 1256 1763 καλ
1282 1705 1339 1762 καθ’
1358 1703 1505 1786 ὐπερῦαλήν
1524 1709 1639 1784 δαπάνη.
1662 1715 1715 1792 Br.]

79 1816 101 1853 ιι
114 1793 151 1871 μὴ
165 1793 231 1852 πάνυ
245 1784 277 1862 ήν
291 1788 430 1860 πλούσιος,
446 1787 623 1847 ἐπεδικάσατο
634 1787 665 1848 ἂν
684 1792 763 1849 αὐτοῦ
777 1794 794 1860 ἡ
809 1787 891 1868 γονή,
934 1786 990 1846 ἔστι
1001 1787 1052 1868 γδρ
1065 1788 1159 1848 λάπτω
1173 1789 1218 1849 καί
1232 1791 1361 1873 λαφύσσω
1372 1793 1402 1853 τύ
1418 1797 1488 1876 ῥοφῶ
1502 1796 1597 1878 κυρίοις
1613 1799 1657 1857 ε’πλ
1670 1823 1717 1858 κυ-

86 1901 90 1906 ’
114 1881 204 1960 καλιῇ
215 1879 274 1958 δοξῃ
286 1879 407 1958 αὐχοῦσα
425 1874 571 1955 τοῦγένους
592 1876 684 1957 καλιῇ
702 1881 729 1936 ἐν
743 1876 818 1937 άστει
835 1879 893 1935 δια·
934 1878 984 1934 νῶν
998 1877 1044 1934 καὶ
1064 1875 1171 1958 χαίρειν.
1185 1877 1243 1938 ὅθεν
1261 1880 1411 1961 παράγεται
1426 1883 1472 1941 καλ
1486 1888 1500 1942 δ
1516 1886 1661 1966 λαφυγμός.
1677 1890 1715 1946 ιλ·
1732 1911 1755 1952 ιε

113 1969 200 2050 τριῦῇ.
213 1967 287 2036 δόξαν
303 1966 356 2046 γάρ
375 1964 497 2024 είύιθασιν
518 1968 542 2024 αλ
563 1965 654 2046 ἄνδρες
671 1965 741 2046 ἔχειν
757 1966 807 2045 οὐχ
819 1965 892 2037 ἥττω
934 1963 1017 2032 κότοις
1032 1963 1060 2023 δὲ
1075 1971 1160 2025 ταῦτα
1175 1965 1328 2048 καταλέγει,
1344 1967 1443 2038 δεικνύς
1454 1969 1494 2030 ότι
1507 1973 1533 2032 αί
1545 1975 1655 2051 εὐγενεῖς
1668 1999 1717 2052 γο-

112 2063 164 2116 τῶν
183 2058 321 2135 γυναικῶν.
336 2053 391 2112 δδέ
408 2053 660 2134 τῇάντιπαραθέσει
677 2053 723 2112 καὶ
739 2059 818 2112 τοῦτο
835 2055 892 2111 έπι-
934 2060 1021 2119 ναῖκες
1033 2077 1138 2126 υποτης
1150 2079 1218 2134 αγαν
1230 2061 1328 2138 τρυφῆς
1345 2063 1453 2117 τοιαῦτα
1467 2059 1652 2143 πράττουσιν]

112 2143 244 2216 ατῶσατα,
256 2141 343 2222 φήσας
356 2140 435 2200 αὐτὸν
451 2143 573 2220 ἀγροῖκον
584 2131 665 2213 εἶναι,
675 2138 725 2212 τήν
739 2137 767 2200 δέ
781 2140 892 2218 γυναῖκα
975 2160 1010 2199 ει.
1033 2140 1171 2220 λαφυγμοῦ
1189 2164 1196 2204 :
1212 2141 1379 2225 Τῆςπερλτδ
1391 2143 1524 2224 ἐδέσματα
1541 2149 1717 2216 πολυτελείας·

76 2252 101 2288 ιιι
113 2231 256 2302 πολιτικήν.
268 2227 422 2307 θαυμαστὸν
431 2226 484 2309 γάρ
496 2225 581 2299 οὐδέν,
591 2230 614 2288 εἰ
626 2226 761 2307 ἄνθρωπον
773 2226 893 2307 ίδιαπρά·
934 2227 1066 2288 τουτέστιν
1086 2231 1210 2296 ἀσωτίας.
1225 2231 1364 2312 λαφυγμύν
1379 2233 1429 2314 γὰρ
1444 2233 1514 2312 λέγει
1530 2234 1559 2293 τὸ
1576 2237 1718 2309 ἃπλήστως

112 2343 198 2398 γμανα
209 2319 254 2377 καὶ
268 2317 375 2396 μέτριον
393 2313 452 2382 τούς
464 2315 577 2396 τρόπους
590 2321 624 2396 τῇ
637 2317 682 2374 έπλ
694 2319 742 2386 τῆς
759 2313 893 2397 ἀγροικίας
935 2315 1039 2378 ἐσθίειν.
1054 2315 1184 2398 [Ιέῦπολις
1196 2319 1222 2376 δν
1238 2318 1337 2388 Κόλαξι
1732 2349 1758 2385 οη

112 2409 199 2488 διαίτη
209 2406 313 2487 γύναιον
324 2402 436 2472 ὑπέταξε
447 2403 638 2463 πολιτικδνκαλ
650 2403 892 2483 κατεδουλώσατο]
1028 2457 1042 2506 λ
1079 2457 1086 2472 ,

148 2517 185 2556 ιιι.
205 2492 304 2572 σεμνὴν
317 2513 325 2554 2
340 2493 397 2554 Νῦν
410 2495 440 2550 αὐ
460 2491 509 2562 τήν
524 2489 663 2574 σώφρονα,
675 2493 704 2549 οὐ
722 2489 774 2572 γδρ
789 2493 893 2550 ίπαινεῖ
1042 2459 1299 2522 mmm
1306 2459 1488 2524 mmmm

112 2581 201 2654 αὐτήν.
211 2579 282 2640 ἁλλὰ
293 2577 342 2650 τήν
358 2577 472 2646 ἀλαζόνα
487 2577 533 2637 καί
546 2576 688 2660 ὑπέρογκον
702 2577 762 2658 [καὶ
776 2576 892 2658 σαύαρδιν
933 2577 1057 2662 Ὅμηρος
1072 2588 1150 2653 [iliad.
1165 2593 1201 2655 Λ,
1216 2599 1267 2654 ιιι,
1280 2595 1311 2657 Ρ,
1323 2590 1359 2654 αι]
1395 2635 1399 2643 ,

76 2689 394 2838 αῗιὲγὲεαγὲγρμφιῖφρμζν
404 2667 573 2834 ἑαλμμτγαις,
590 2665 636 2725 καλ
649 2689 682 2745 τη
697 2665 765 2746 ἄλλη
778 2667 892 2746 δαπανῃ.
1041 2710 1360 2793 mmmmm]

147 2839 405 2925 ἐγκεκοισυρωμένην
428 2863 435 2901 :
461 2844 599 2922 Περισσῶς
623 2841 833 2920 κεκοσμημένην.
860 2839 893 2920 (ἢ
977 2841 1113 2910 Κωλιάδος
1128 2862 1135 2902 :
1153 2843 1203 2924 [01
1220 2841 1268 2922 μέν
1287 2843 1413 2904 Κωλιάδα
1436 2843 1483 2914 τήν
1504 2844 1560 2903 θεὸν
1582 2843 1717 2918 καλοῦσιν,

111 2937 178 3001 ἔθνος
192 2938 210 3004 ή
230 2929 423 3011 Κοισορόπολις
441 2930 611 3008 ὀνομάζεται,
630 2927 700 2988 πάνυ
718 2929 828 3011 αἰσχρὸν
847 2929 893 2988 καλ
936 2929 989 2989 δπδ
1004 2928 1106 2989 νεανίου
1119 2929 1235 2990 Ἀττικοῦ
1248 2931 1408 3012 ἀποδράντος
1423 2931 1476 2990 όπύ
1488 2933 1592 3012 λῃστῶν
1608 2957 1716 3012 συμμα-
1733 2962 1758 3000 2³

111 3017 265 3102 μυςαρόν,ἢ
280 3017 314 3077 τδι
324 3021 370 3089 τῆς
383 3016 515 3098 Κοισύρας
525 3019 688 3100 φρονοῦσαν.)
703 3015 759 3075 έστι
771 3019 798 3076 δέ
814 3018 892 3099 Ἐρε-
935 3015 982 3097 χόα
993 3020 1040 3089 ιη”ς
1055 3021 1113 3075 θεοῦ
1125 3015 1171 3075 καὶ
1190 3015 1271 3086 οὕτως
1285 3015 1368 3090 αὐτήν
1391 3018 1584 3096 θναμάσαντος,
1600 3020 1719 3102 καθάπερ

74 3126 98 3162 ιο
110 3109 216 3190 τριακύν
238 3106 269 3167 τδ
287 3105 380 3182 ὄνομα.
396 3095 465 3164 οῦτοι
485 3103 513 3164 δέ
529 3103 566 3173 είς
577 3103 676 3188 τροφὴν
697 3104 893 3165 διαίάλλονται.
936 3106 1012 3174 αὐτὸς
1029 3103 1109 3174 δεθείς
1121 3107 1173 3164 τῶν
1187 3105 1278 3164 κύιλοιν
1293 3105 1410 3180 ἀπελύθη
1425 3107 1476 3166 ὑπὸ
1489 3107 1619 3186 γυναικὸς,
1632 3107 1657 3168 οί
1672 3109 1718 3180 δὲ,

110 3198 174 3268 αὐτη
188 3195 218 3254 δέ
235 3193 357 3273 ἐγαμήθη
375 3192 560 3275 Πεισιστράτῳ
578 3192 778 3273 ἐπιχειρήσαντα
798 3217 893 3276 τυραν·
936 3190 1061 3274 θυγατρός
1074 3197 1119 3250 τοῦ
1139 3193 1299 3273 ἀρχιλῃστοῦ
1316 3193 1349 3252 δι’
1363 3193 1457 3274 έρωτα.
1472 3196 1495 3255 οί
1514 3193 1556 3268 δέ,
1572 3197 1653 3256 τόπον
1669 3200 1721 3256 30⁸.-

109 3287 170 3345 νεῖν.
195 3313 232 3323 -
251 3283 382 3362 περισσῶς
398 3280 608 3358 κεκοσμημένην,
631 3281 893 3359 κεκαλλοιπισμένην,
936 3281 1001 3341 κότε
1021 3279 1114 3346 κώλοις
1131 3280 1237 3362 ἀνδρὸς,
1261 3279 1322 3340 ἔνθα
1341 3285 1358 3353 ἡ
1380 3285 1436 3350 θεὸς
1457 3291 1577 3361 τιμᾶται.
1599 3283 1662 3344 ἔνιαι
1678 3284 1719 3354 δὲ,

109 3373 202 3449 δμοίως
215 3377 251 3452 τῇ
263 3365 391 3448 Κοισύριρ.
407 3366 475 3440 αῦτη
489 3370 517 3428 δέ
534 3359 566 3440 ήν
583 3367 650 3446 γονή
662 3392 700 3435 τις
712 3368 781 3427 πάνυ
797 3369 893 3441 έαυτήν
935 3364 1025 3436 Ἴωνος
1037 3367 1153 3440 θύοντας,
1165 3367 1266 3450 κόρακα
1278 3368 1398 3450 ἁρπάσαι
1412 3372 1511 3444 κωλῆν,
1530 3371 1575 3431 καὶ
1590 3375 1617 3430 ἐν
1629 3373 1719 3454 ἐκείνῳ
1733 3405 1760 3444 ³0

109 3465 245 3538 κοσμοῦσα
259 3455 373 3536 ἱματίοις
387 3455 432 3513 καλ
445 3461 479 3537 τῇ
491 3457 559 3535 άλλῃ
577 3455 679 3536 διαίτῃ,
693 3456 729 3523 ῶς
740 3455 798 3524 τούς
812 3460 894 3539 δρῶν·
936 3458 974 3536 τῷ
991 3453 1065 3535 τόπῳ
1083 3453 1237 3514 ἀποθέσθαι·
1251 3453 1309 3514 ὅθεν
1325 3455 1407 3526 οὕτως
1418 3459 1569 3536 ὠνομάσθη.
1611 3455 1718 3527 Ἄλλως.

75 3573 98 3612 τι
109 3571 154 3614 τας
165 3547 371 3619 ίιεπλήττεσθαι.
382 3553 421 3602 nr.
937 3541 1043 3610 Κωλιδις
1058 3543 1118 3611 ναός
1135 3545 1206 3602 ἐστιν
1223 3543 1388 3626 Ἀφροδίτης,
1408 3545 1476 3606 αὐτω
1492 3545 1651 3626 καλούμενος
1667 3549 1720 3607 άπό

145 3657 179 3695 σε
200 3633 270 3714 πρὸς
283 3632 316 3691 τδ
331 3637 411 3694 αὐτοῦ
430 3629 650 3708 πλεονεκτήματα
670 3629 716 3688 ίοα
735 3629 781 3688 καί
796 3629 830 3689 τὰ
847 3634 894 3702 τῆς
935 3655 1002 3700 τινος
1015 3634 1151 3690 νεανίσκου
1168 3631 1301 3704 Ἀττικοῦ,
1322 3633 1428 3700 άλόντος
1446 3633 1497 3693 ὐπδ
1513 3637 1657 3716 Τυρρηνῶν
1675 3637 1719 3695 καὶ

108 3724 229 3800 γυναικός
239 3719 390 3792 ἀντέθηκεν.
409 3717 490 3779 είπύιν
500 3716 552 3800 γδρ
567 3721 648 3799 τριῶν
661 3716 741 3776 αὐτύν
752 3719 891 3792 ὀδωδέναι,
937 3720 1052 3788 δεθέντος
1061 3719 1095 3779 τδ
1107 3721 1193 3778 κῶλα·
1209 3709 1266 3780 εἶτα
1280 3721 1432 3802 ἐρασθείσης
1445 3724 1524 3782 αὐτοῦ
1535 3727 1583 3794 τῆς
1595 3723 1721 3805 θυγατρός

108 3810 212 3891 τρυγὸς,
238 3807 372 3868 τουτέστιν
399 3807 482 3878 αίναυ,
502 3814 626 3886 τρασιᾶς,
650 3801 769 3864 τουτέστι
794 3803 891 3874 σύκοιν,
934 3813 981 3866 τοῦ
993 3810 1130 3890 Τυρρηνοῦ
1140 3807 1185 3867 καί
1197 3807 1322 3880 λυσάσης,
1333 3807 1481 3867 ἐπανελθὼν
1494 3811 1529 3876 εἰς
1537 3807 1719 3892 ’λθήνας,γα·
1734 3850 1759 3888 ³5

108 3900 191 3978 ἐρίων,
202 3897 265 3980 τρία
278 3896 324 3955 καὶ
333 3896 368 3956 τδ
375 3898 475 3965 ἐκείνης
486 3891 810 3971 ἐπήγαγεήδιελεγκτικύν
823 3891 850 3951 δέ
861 3894 891 3952 τὸ
936 3894 1068 3978 ριαιήριον
1085 3897 1119 3974 τῇ
1136 3893 1273 3976 Ἀφροδίτη
1289 3895 1351 3955 ναύν
1366 3895 1492 3979 ἱδρύσατο
1510 3898 1660 3970 Κωλιάδος,
1676 3898 1719 3958 διδ

74 4014 98 4050 ιο
110 3993 222 4045 τοιοῦτον
238 4007 335 4064 σχημα
349 4007 395 4043 τοι
409 3987 496 4060 λογου.
512 4004 545 4059 τη
559 3978 610 4060 γδρ
627 3979 827 4062 ανειπαραθέσει
848 3985 893 4040 τοῦ
935 3983 965 4043 τὸ
979 3981 1012 4042 τδ
1028 3984 1102 4041 κῶλα
1117 3981 1266 4062 λελύσθαι]
1281 3981 1387 4051 Κωλιάς
1400 3981 1461 4050 ναός
1473 3985 1528 4042 έστι
1543 3989 1590 4055 τῆς
1603 3981 1720 4066 Ἀφροδί-

108 4073 236 4145 ήττονοςή
244 4072 364 4131 εὐτέλεια
371 4069 548 4130 δείκνυται.τύ
555 4065 583 4127 δλ
590 4068 666 4143 έρίων
676 4067 827 4149 περιουσίας
834 4070 892 4128 δντλ
935 4096 991 4144 της,
1003 4069 1072 4131 ούτω
1084 4069 1242 4149 καλούμενος
1251 4070 1303 4130 ιἰπδ
1312 4075 1357 4130 τοῦ
1368 4065 1566 4150 συμδεύηκόεος
1578 4071 1626 4143 τήν
1637 4096 1720 4152 προσ-

108 4169 150 4220 τοῦ
164 4161 256 4220 πόνων
269 4159 385 4229 πλήθους
398 4158 446 4217 είτ’
458 4144 502 4217 οὐν
516 4154 656 4232 πλούτου.)
671 4157 767 4238 τρασιδι
778 4155 805 4215 δὲ
815 4156 892 4235 λε’γι-
934 4159 1043 4241 ηγορίαν
1060 4157 1157 4218 λαῦιέιν.
1173 4159 1277 4227 νεανίας
1295 4159 1346 4241 γάρ
1369 4184 1407 4227 τις
1432 4160 1546 4227 Ἀττικός
1565 4159 1644 4228 δλούς
1669 4161 1720 4221 ύπδ

108 4271 149 4306 ται
157 4248 238 4314 τύπος
250 4235 313 4327 fit}
328 4245 441 4327 ‘lffl'ztw
457 4243 491 4303 ῐθ
501 4249 579 4304 ⁶52²·
597 4255 627 4301 V·
641 4255 670 4302 R·
683 4243 762 4324 [ὄζων
775 4245 866 4325 τρυγὸς
882 4266 890 4306 :
935 4251 1079 4329 Τυρρηνῶν
1090 4247 1136 4306 καί
1150 4246 1286 4324 δεσμώτης
1307 4243 1435 4306 δουλεύων
1452 4247 1515 4328 παρ’
1534 4249 1637 4320 αὐτοῖς,
1659 4252 1719 4329 δρα·
1733 4279 1760 4318 ⁴⁰

110 4336 174 4396 Κέον
183 4337 266 4396 αίναο·
281 4334 357 4406 ἥτῆς
372 4333 552 4410 ύποστάθμης.
562 4331 659 4412 τρασιδ
668 4330 697 4390 δὲ
709 4331 814 4410 λέγεται
825 4337 839 4391 δ
849 4333 892 4392 τό·
935 4336 1040 4406 οθείαης
1051 4337 1130 4394 αὐτοῦ
1151 4339 1198 4407 τῆς
1211 4333 1336 4415 θυγατρὸς
1349 4339 1394 4393 τοῦ
1408 4333 1510 4414 ἔχοντας
1523 4334 1568 4392 καί
1583 4335 1720 4392 ἀπολυσά-

75 4449 98 4485 ια
109 4449 153 4492 τος
165 4423 261 4494 ήδπου
274 4422 388 4504 ψέγεται
396 4421 431 4481 τδ
442 4427 511 4480 σῦκα
525 4419 571 4478 καί
582 4418 764 4500 ταριχεύεται,
779 4416 797 4491 ή
812 4419 892 4488 σανίς.
936 4445 996 4495 αης,
1010 4415 1088 4495 ήλθεν
1104 4426 1139 4490 είς
1150 4422 1196 4494 τήν
1214 4421 1311 4482 αἰκείαν
1326 4421 1371 4480 καί
1391 4421 1472 4489 αὐτοις
1486 4423 1665 4503 ἐλευθερωθεὶς
1674 4425 1719 4481 εὐ-

108 4512 164 4592 τρία
175 4511 203 4571 δέ
220 4503 283 4570 εἶπε
296 4510 331 4569 τδ
349 4514 440 4568 αὐτοῦ·
452 4509 560 4590 τρυγὸς,
576 4517 684 4588 τρασιᾶς
700 4507 767 4584 (ἀντὶ
783 4513 828 4566 τοῦ
844 4507 892 4568 αύ-
935 4507 1105 4592 χαριστήριον
1129 4514 1162 4590 τῇ
1177 4508 1314 4591 Ἀφροδίτη
1335 4507 1378 4569 ἕπλ
1403 4513 1450 4581 τῆς
1471 4512 1553 4579 ἀκτῆς
1576 4507 1615 4590 ἐφ’
1634 4501 1720 4590 ἧσπερ

109 4605 166 4677 κων)
180 4599 228 4658 καλ
243 4599 322 4680 έρίων
336 4596 493 4679 περιουσίας.
510 4596 556 4656 καί
569 4594 604 4654 τδι
614 4596 713 4667 ε’κείνης
727 4597 764 4655 δέ.
777 4597 893 4676 ἐλεγκτι-
935 4595 1043 4679 ἡρπάγη
1055 4594 1116 4655 ναύν
1129 4596 1264 4678 ἱδρύσατο.
1282 4597 1408 4656 Κωλιάδα
1425 4599 1452 4656 δὲ
1467 4595 1661 4677 προσηγόρευσε
1674 4597 1720 4656 τύν

109 4688 150 4746 εὐν
161 4688 230 4746 δδτδ
244 4692 362 4746 τοιοῦτον
374 4683 494 4766 σμῆμα]
935 4685 1013 4744 τόπον
1026 4685 1079 4744 αἰπύ
1093 4689 1145 4745 τῶν
1159 4685 1261 4757 κώλων,
1277 4685 1293 4743 θ
1308 4688 1399 4753 ἐντοῖς
1419 4686 1524 4762 δεσμοῖς
1538 4688 1717 4746 κατεπονεῖτο.
1734 4722 1760 4762 ⁴⁵

144 4785 256 4856 τρασιᾶς
277 4794 286 4834 1
307 4773 412 4847 Ξύλου,
440 4777 468 4834 ίν
494 4761 516 4853 ᾧ
540 4769 587 4838 τθις
614 4769 720 4852 δινίιρας
749 4769 891 4854 ίξήραινον.
937 4779 964 4848 [ἡ
975 4773 1002 4833 δὲ
1015 4773 1167 4841 Γενετυλλλς
1178 4773 1279 4852 δαίμων
1291 4771 1351 4854 περὶ
1363 4772 1410 4844 τήν
1424 4771 1575 4854 Ἀφροδίτην
1587 4777 1633 4845 τῆς
1647 4773 1720 4852 γενέ·

73 4887 96 4917 το
111 4877 151 4922 Bt.
164 4864 284 4934 σανίδος,
302 4855 402 4942 ένῇτδι
415 4867 482 4920 σῦκα
494 4859 663 4942 ταριχεύουσι
674 4860 739 4940 πρδς
752 4859 797 4920 τόν
807 4861 891 4933 ἥλιον.
936 4885 1000 4928 σεως
1011 4861 1110 4942 ἔφορος.
1122 4861 1133 4942 ]
1146 4869 1174 4918 R.
1189 4867 1220 4918 V·
1244 4939 1247 4946 .

108 4953 159 5012 α’πύ
173 4952 268 5011 τούτου
281 4949 310 5009 δέ
323 4951 373 5022 τήν
387 4949 473 5026 δομὴν
486 4949 562 5020 δηλοῖ
576 4947 625 5020 τήν
638 4950 668 5008 ἐκ
681 4952 734 5008 τῶν
749 4947 836 5008 σύκων
847 4949 893 5009 καλ
975 4948 1158 5016 Γενετυλλίδος
1177 4968 1183 5009 :
1200 4947 1367 5030 [Γενετυλλλς
1386 4954 1403 5020 ἡ
1422 4952 1468 5020 τῆς
1487 4947 1611 5027 γενέσεως
1630 4947 1721 5030 έφορος

108 5044 156 5098 τῶν
172 5041 273 5099 λοιπῶν
284 5039 338 5096 τῶν
350 5035 474 5096 τοιούτων
487 5033 635 5114 γινομένην.
650 5036 687 5097 Θ.
936 5035 1098 5117 Ἀφροδίτη]
1104 5041 1126 5096 οί
1136 5035 1183 5114 μὲν
1195 5041 1247 5096 τῶν
1255 5036 1316 5120 περὶ
1325 5035 1373 5108 τήν
1381 5035 1533 5119 Ἀφροδίτην
1544 5035 1643 5104 ἀξιοῦσι
1654 5039 1719 5094 θεῶν

145 5127 222 5208 ἐρίων
236 5123 390 5207 περιουσίας
401 5143 408 5183 :
418 5123 549 5196 Ἆντὶταῦ,
562 5123 684 5184 πλούτου.
697 5123 826 5204 [τοιοῦτος
838 5123 865 5183 δὲ
879 5129 893 5182 δ
936 5126 999 5203 μίαν
1013 5117 1079 5184 εἶναι
1091 5123 1134 5184 διδ
1151 5125 1181 5184 τύ
1194 5125 1320 5205 γενέσεοις
1336 5125 1418 5197 αὐτὴν
1431 5113 1496 5184 εἶναι
1511 5125 1562 5191 τοῖς
1575 5124 1719 5205 ἀνθρώποις
1732 5165 1761 5206 ω

109 5215 246 5296 γεωργικός
259 5213 324 5294 βίος.
339 5212 394 5272 άπύ
408 5210 435 5271 δέ
447 5217 492 5271 *οῦ
505 5212 618 5272 καθόλου
630 5213 674 5272 ίπί
685 5212 718 5272 τά
731 5212 799 5272 κατὰ
814 5212 893 5294 μέρος
938 5213 1024 5272 αἰτίαν
1039 5211 1235 5294 πραϊοταμένην
1246 5215 1297 5271 τῶν
1309 5212 1401 5292 γάμων
1416 5213 1523 5272 καὶτῶν
1538 5211 1580 5270 ἔπλ
1596 5219 1648 5278 ’τοῖς
1664 5209 1713 5290 γά·

1589 5317 1609 5354 ο.
