4100 6109
363 465 418 515 ιιι
934 441 1125 503 εσποιιε
1151 441 1196 513 ιιι
1227 440 1386 517 neem.

359 580 399 649 νῖς
416 576 461 657 (δὲ)
477 582 557 639 Δᾶτιν
570 576 673 655 λέγουσι
688 574 731 633 τὸν
745 573 877 655 τραγικὸν,
896 575 984 639 κακῶς
1003 575 1141 630 ύπονοοῦν-
1184 594 1256 630 πων·
1271 570 1446 653 φιλοπόλεμος
1466 568 1518 649 γὰρ
1537 560 1626 647 οθτος,
1641 574 1676 638 ῶς
1693 571 1739 629 καὶ
1761 574 1787 629 ἐν
1810 569 1945 653 Ἀχαρνεῦά

359 690 413 736 τες·
430 666 526 733 ἐκεῖνος
543 664 594 745 γδιρ
611 662 662 729 υἰὸς
676 654 708 734 ἦν
727 662 859 743 Καρκίνου
891 651 964 727 οὗτος
977 658 1004 719 δί
1023 658 1142 739 ύπαρχος
1183 680 1272 738 φησιν.
1287 672 1319 719 V.

359 758 481 837 Περσῶν.
491 764 560 812 R.V.
1223 766 1272 807 οοε.
1293 744 1535 827 φιλαμπελωτάτην
1553 766 1561 806 t
1578 745 1720 823 Συντόμως
1736 748 1766 805 ἰκ
1778 749 1825 817 τῆς
1842 746 1945 824 ἀμπέλω

398 864 446 905 εστ.
468 841 526 899 άντί
539 846 584 899 τοῦ
599 838 755 920 στρατηγόν.
773 851 802 897 R.
1158 897 1162 914 γ
1183 832 1232 905 τὴν
1248 833 1310 914 περὶ
1323 831 1371 904 τάς
1384 831 1512 912 γεωργίας
1533 834 1688 911 ἐπιμέλειαν
1707 832 1838 904 ἐδήλωσεν
1858 834 1945 916 εἰρήνης

332 956 346 992 ⁵
400 954 448 993 τοο.
470 932 558 995 καλῶς
576 928 636 995 τοίις
655 926 799 1007 χρῄζοντος
816 931 863 995 τῆς
883 926 988 1007 εἰρήνης
1008 928 1087 983 καλεῖ
1105 924 1142 989 εἰς
1159 930 1163 967 ⁵
1184 920 1278 994 ούσης’
1292 919 1410 999 πολέμου
1429 920 1482 1002 γδρ
1501 920 1574 988 ὄντος
1588 920 1620 980 τδ
1633 920 1749 980 ἰναντίον
1763 923 1910 999 ἠμελοῦντο.
1922 936 1966 983 Vs

360 1018 525 1097 συμμαχίαν.
542 1015 696 1093 δημιουργοὶ
708 1012 735 1073 δέ
749 1013 869 1090 λέγονται
883 1016 975 1080 κοινῶς
987 1015 1010 1071 οἰ
1026 1009 1142 1089 δημόσιά
1183 1022 1245 1068 Vn.

358 1131 416 1166 τινα
431 1102 611 1187 ἐργαζόμενοι·
627 1108 671 1160 νῦν
686 1100 713 1159 δί
726 1100 786 1167 τοίις
800 1100 984 1182 ἀρχιτέκτονας
997 1098 1084 1178 λέγει,
1097 1096 1141 1155 ἰνα
1224 1117 1273 1157 ³¹0.
1294 1096 1492 1176 ἰκζωπυριίσετε
1506 1117 1514 1157 :
1528 1096 1598 1157 Ἀντί
1609 1102 1654 1157 τοῦ
1667 1097 1782 1177 άνάψετε
1794 1096 1838 1157 τδν
1849 1096 1947 1175 πόλεμον

358 1194 484 1274 ἐντέχνως
507 1193 620 1270 ἑλκυσθῇ
643 1194 661 1261 ἡ
688 1188 800 1271 Εἰρήνη.
861 1186 971 1255 Ἄλλως.
995 1199 1026 1245 V.
1047 1186 1143 1253 πάντες
1184 1184 1236 1256 ἤδη
1250 1184 1468 1261 κατεσόεσμένον.
1483 1184 1704 1266 ίκζωπυρῆσαιδέ
1717 1184 1949 1265 όστικυρίωςτὸέκ

358 1280 409 1363 γάρ
432 1271 503 1340 οῦτοι
522 1282 575 1337 τῶν
596 1277 679 1359 ἔργων
701 1276 846 1337 ἐκωλύοντο
867 1275 985 1353 πολέμου
1005 1274 1078 1342 ὄντος
1096 1272 1142 1332 καί
1185 1278 1280 1353 μικροῦ
1303 1270 1386 1352 πυρὸς
1404 1276 1527 1350 φυσῶντα
1551 1272 1671 1350 μεγάλην
1689 1273 1774 1355 φλόγα
1793 1278 1903 1344 κινῆσαι
1918 1311 1949 1319 -

320 1388 344 1425 ιιι
358 1371 512 1440 ἠδικοῦντο,
528 1369 553 1425 οἰ
569 1364 616 1441 μὲν
630 1362 741 1442 γεωργοί
755 1362 916 1440 κωλυόμενοι
929 1370 1064 1443 γεωργεῖν,
1075 1363 1100 1419 οἰ
1114 1360 1143 1419 δί
1187 1356 1303 1435 (Ἄλλως.
1317 1358 1488 1440 ἀνιγείρητε.)
1501 1365 1520 1432 ἡ
1534 1358 1563 1419 δί
1575 1360 1712 1442 μεταφορὰ
1725 1361 1780 1421 ἀπὸ
1799 1364 1851 1420 τῶν
1865 1364 1946 1444 ἀνθρά-
1958 1378 1976 1414 ιι

358 1457 470 1537 ἔμποροι
485 1452 527 1534 ὑφ’
538 1444 574 1510 ῶν
590 1450 622 1510 διν
635 1449 788 1531 περιέτυχον
799 1452 930 1531 πονηρῶν,
946 1452 969 1507 οἰ
982 1446 1009 1507 δί
1023 1447 1143 1513 τέκτονες
1185 1470 1247 1505 κων·
1260 1447 1306 1505 καί
1317 1450 1331 1505 ὁ
1342 1445 1458 1523 πόλεμος
1467 1446 1519 1527 γάρ
1532 1448 1683 1516 καυστικός.
1698 1459 1728 1506 R.
1740 1460 1773 1505 V.

359 1539 565 1619 ἀναγκαζόμενοι
585 1540 731 1616 ναυπηγεῖν
749 1535 877 1615 τριήρεις,
898 1539 922 1597 οἰ
943 1534 970 1593 δί
989 1532 1143 1613 δημιουργοί
1224 1554 1274 1595 σεε.
1296 1536 1325 1593 οὔ
1336 1532 1388 1614 γάρ
1399 1526 1432 1607 ἦν
1446 1534 1555 1614 ἔχοντας
1571 1535 1646 1607 ἥκειν
1662 1556 1670 1596 :
1684 1538 1726 1595 Οὐ
1739 1533 1803 1615 γάρ,
1816 1534 1891 1615 φησὶ,
1907 1558 1949 1593 τυ

360 1627 550 1711 στρατεύεσθαι
569 1624 616 1685 καί
630 1632 750 1707 φρουρεῖν
773 1622 992 1702 ἀναγκαζόμενοι,
1006 1625 1031 1682 οἱ
1052 1620 1080 1681 δί
1095 1619 1144 1699 μί
1184 1619 1293 1699 λεμικδν
1312 1613 1345 1693 ἦν
1360 1620 1392 1680 τὸ
1409 1622 1549 1704 κήρυγμα,
1562 1624 1620 1682 ἀλλ’
1641 1621 1779 1703 εἰρηνικόν.
1794 1623 1826 1680 ἐκ
1842 1627 1886 1681 τοῦ
1905 1646 1949 1681 πι-

360 1738 441 1775 τοικοι
455 1710 672 1794 εἰσπραττόμενοι
690 1711 832 1790 μετοίκιον,
847 1711 892 1770 καί
907 1714 930 1770 οἰ
945 1710 1012 1779 ξένοι
1025 1710 1144 1769 ἀπελαυ·
1186 1710 1449 1791 ρακολονθοῦντοςδί
1469 1711 1514 1769 τὸν
1535 1711 1651 1789 πόλεμον
1674 1714 1761 1781 δηλοῖ.
1785 1744 1825 1755 ·-
1843 1710 1896 1767 ἀντί
1913 1718 1950 1768 τοῦ

322 1822 346 1859 ιυ
360 1801 477 1881 νόμενοι,
492 1799 538 1859 καί
552 1801 577 1857 οἰ
595 1801 723 1875 νησιῶται
740 1798 800 1865 τοίις
813 1796 906 1881 φόρους
927 1797 1143 1881 εἰσπραττόμενοι
1185 1798 1320 1874 πολεμεῖν.
1335 1800 1360 1855 οἰ
1374 1795 1425 1876 γίιρ
1436 1799 1609 1875 πολεμοῦντες
1622 1797 1686 1878 πρδς
1699 1798 1770 1879 τρεῖς
1779 1796 1880 1877 ἡμίρας
1889 1800 1948 1868 λαμ·
1961 1819 1977 1856 ιι

356 1891 406 1960 καί
417 1895 479 1957 ναῦς
489 1885 682 1969 παρέχοντεςῆ
695 1878 739 1946 οῦν
751 1884 849 1947 τούτων
859 1886 938 1968 χάριν
951 1884 1143 1963 ἰμνημόνιυσεν
1187 1881 1295 1943 όάνουσι
1306 1885 1377 1943 σιτία
1392 1889 1429 1953 εἰς
1442 1886 1488 1945 τδν
1503 1886 1629 1964 πόλεμον.
1642 1886 1697 1953 έθος
1710 1884 1764 1967 γδρ
1775 1878 1809 1957 ἦν
1819 1887 1871 1953 τοῖς
1882 1910 1949 1967 στρε-

361 1975 486 2051 σύτῶν,ἢ
508 1974 665 2056 βουλόμενος
682 1972 763 2043 δεῖξαι
777 1972 817 2033 ότι
835 1972 983 2045 ίπιύλαόὴς
1003 1972 1144 2031 καθολουό
1186 1980 1275 2051 τηγοῖς
1288 1972 1515 2050 ἀναλογιζομίνοις
1526 1975 1610 2042 πόσας
1623 1974 1724 2056 ἡμέρας
1735 1972 1848 2050 ίμελλον
1858 1976 1950 2055 πολέμῳ

360 2065 483 2140 πόλεμος.
498 2075 528 2122 R.
542 2074 573 2122 V.
1186 2059 1324 2138 σχολάζειν
1347 2061 1393 2119 καί
1407 2059 1457 2129 ίξω
1478 2060 1601 2142 κατέχειν
1623 2062 1669 2121 τὸν
1689 2062 1814 2140 στρατὸν,
1828 2060 1950 2143 κηρύσσειν

401 2174 451 2213 εον.
474 2150 615 2233 ἰργαλιίων
629 2148 823 2229 ἰμνημόνευσεν
837 2148 956 2221 ἐπίτηδες
970 2151 1007 2217 εἰς
1019 2148 1051 2209 τὸ
1064 2150 1144 2207 ἀνιλ-
1186 2146 1316 2207 τοσούτων
1329 2151 1436 2230 ἡμερῶν
1450 2148 1521 2209 σιτία
1535 2149 1693 2228 ἀπάγεσθαι,
1706 2153 1787 2233 τριῶν
1800 2152 1883 2228 μόνοιν
1894 2156 1950 2227 ἡμε-

321 2264 350 2302 εο
360 2241 441 2301 κύσαι
453 2237 513 2306 τοὺς
528 2236 613 2306 λίθους
624 2236 685 2306 τοὺς
698 2238 742 2297 ἰπί
756 2242 794 2319 τῷ
810 2236 954 2318 ὀρύγματι,
968 2238 995 2297 έν
1010 2229 1034 2319 ᾧ
1047 2229 1080 2309 ἦν
1095 2239 1145 2297 Εἰ·
1187 2238 1239 2315 ρῶν
1251 2238 1282 2293 ἐκ
1295 2236 1429 2312 δημοσίων
1443 2239 1532 2305 αὐτοῖς
1544 2235 1738 2318 χορηγούντων.
1752 2248 1785 2295 R.
1798 2248 1829 2295 V.
1959 2264 1977 2301 a

353 2330 443 2412 μήνη,
459 2331 494 2395 ὡς
508 2326 558 2408 έφη
576 2330 592 2386 δ
609 2326 726 2407 Ἑρμῆς,
742 2324 795 2405 (ἵνα
815 2324 977 2407 ἐλευθερώσῃ
995 2324 1099 2401 αὐτήν).
1113 2336 1143 2384 R.
1226 2320 1275 2383 οἰκ.
1298 2322 1461 2399 (τύλαόιῖσθε
1479 2345 1487 2385 :
1503 2328 1560 2385 Νῦν
1570 2325 1623 2405 πρὸ
1635 2326 1780 2407 ὀφθαλμῶν
1793 2324 1949 2406 έχετε,φηο“ι,

351 2426 392 2478 V.
416 2414 497 2494 (εἰμες
518 2414 546 2473 δί
563 2412 610 2482 τάς
632 2413 765 2494 πυράμας.
791 2413 913 2496 ἰργαλεῖά
931 2436 990 2473 τινα
1008 2410 1144 2485 ἰπιτηδεια
1186 2410 1232 2470 καί
1256 2410 1400 2471 δεδίττεσθε
1419 2412 1464 2471 τὸν
1481 2412 1607 2485 Κλίωνα,
1622 2412 1660 2491 μὴ
1680 2411 1806 2490 ἐμποδῶν
1828 2415 1949 2493 ιῇείριζιη

360 2504 424 2583 πρὸς
435 2502 464 2563 τὸ
474 2501 642 2583 ἀνορύττειν.)
654 2500 849 2583 [καὶπαροιμία
861 2529 873 2555 ι
886 2500 956 2578 άμοις
969 2499 1104 2579 ἀπῄτουν,
1119 2504 1144 2559 οἰ
1186 2495 1314 2576 γίνηται.)
1326 2528 1359 2539 -
1368 2498 1415 2557 καί
1429 2498 1543 2560 Πλάτων
1554 2502 1608 2561 δίθ
1619 2501 1736 2577 κωμικδς
1745 2499 1876 2582 Κέρόερον
1887 2486 1950 2561 αἰτῶ

360 2592 384 2651 δ’
398 2594 563 2671 ἀπηρνοῦντο
576 2589 686 2671 σκάφας.
704 2587 738 2669 ι]
1186 2586 1332 2663 ιὐνόμασεν.
1348 2601 1379 2648 v.

321 2698 348 2735 τε
402 2679 475 2758 (υοοί.
497 2680 596 2755 ἀγαθοῦ
611 2676 732 2755 δαίμονος
747 2696 755 2737 :
771 2677 847 2739 Φασί
867 2675 918 2759 γάρ
932 2676 972 2735 ότι
988 2677 1145 2747 δειπνήσαν-
1227 2672 1292 2752 φεσί
1310 2671 1391 2753 χωρίς
1407 2678 1454 2733 τοῦ
1474 2674 1534 2735 ντδ
1550 2675 1666 2735 κάτοιδεν
1680 2675 1818 2757 ἐπίρρημα
1834 2672 1976 2753 λίγισθσι,σ

361 2790 404 2834 τες
425 2764 473 2843 μέν
491 2764 649 2845 ἰπιρρόφουν
668 2767 765 2841 ἀγαθοῦ
780 2763 915 2843 δαίμονος,
932 2765 1145 2824 ἀπαλλάττεσθαι
1186 2752 1262 2839 tva}
1281 2759 1404 2839 Δωριέων
1424 2763 1525 2838 μᾶλλον
1540 2764 1645 2825 οἰκεῖον.
1665 2768 1765 2843 χρῆται
1783 2762 1813 2821 δί
1831 2766 1868 2844 τῷ
1884 2764 1950 2843 θμαίρ

362 2852 543 2931 δίμιλλοντες
555 2850 643 2911 ίιτινον
654 2850 715 2919 Διὸς
724 2856 848 2931 σωτῆρος.
860 2852 923 2911 ὡσεὶ
937 2850 1023 2930 ἰλεγι,
1037 2858 1083 2911 νῦν
1094 2848 1145 2931 γάρ
1187 2846 1233 2905 καὶ
1247 2847 1386 2928 ἰλίνδαρος
1409 2855 1493 2919 [Ρμίι.
1506 2870 1533 2922 ι,
1559 2858 1608 2923 εσυ]
1636 2878 1650 2903 ι
1672 2850 1783 2932 άντροθε
1804 2848 1855 2932 γίιρ
1875 2850 1950 2927 νίηιιι

363 2940 470 3004 σπεῖσαι
483 2938 500 3013 ἢ
515 2940 585 2999 πιεῖν
596 2942 722 3020 πάρεστιν
736 2944 800 3017 ἡμῖν
813 2941 911 3017 ἀγαθοῦ
926 2938 1047 3019 δαίμονος
1058 2938 1144 3017 πόμα.
1187 2932 1262 3014 παρὰ
1274 2936 1423 3015 Χαρικλοῦς
1433 2938 1481 2995 καί
1493 2935 1614 3003 Φιλίνας.
1628 2952 1682 2997 ιν.

363 3063 403 3076 -
443 3026 553 3095 Ἄλλως.
572 3027 630 3103 ἀντί
643 3031 689 3086 τοῦ
704 3032 748 3085 νῦν
762 3026 812 3107 γὰρ
833 3026 903 3085 ἔστιν
916 3032 979 3104 ἡμῖν
996 3026 1063 3107 ῦπίρ
1076 3031 1145 3106 άγα-
1228 3040 1275 3081 ειε.
1297 3020 1337 3099 μὴ
1350 3021 1519 3102 παφλάζωνε
1540 3023 1692 3105 Παφλάζειν
1714 3021 1773 3081 ἐστὶ
1791 3020 1822 3081 τὸ
1838 3022 1949 3081 λσλοῦντά

253 3134 260 3146 ’
323 3139 350 3178 ου
365 3121 411 3189 θῶς
423 3113 506 3197 τύχης
520 3120 615 3193 καμεῖν
629 3116 674 3175 καί
687 3113 805 3196 ἁρπάσαι
819 3113 867 3185 τὴν
884 3114 1005 3195 Εἰρήνην.
1020 3127 1052 3174 V.
1187 3132 1245 3167 τινα
1262 3114 1416 3191 κρατεῖσθαι
1430 3110 1476 3170 καῖ
1490 3110 1694 3173 ἀνακόπτεσθαι.
1706 3114 1744 3178 ὡς
1753 3100 1802 3169 οῦν
1815 3116 1861 3170 τοῦ
1872 3107 1976 3169 Κλέων

406 3223 457 3265 τοι.
482 3201 573 3284 [δεῦρο
583 3212 636 3269 πᾶς
643 3202 724 3283 χώρει
736 3223 743 3263 :
760 3198 881 3270 Εἰσθισις
892 3204 985 3275 διπλῆς
996 3203 1145 3280 ἀμοιόαίας.
1188 3218 1230 3264 νος
1243 3197 1312 3257 οὕτω
1323 3197 1508 3278 διαλεγομένου
1521 3198 1599 3259 τοῦτό
1610 3221 1698 3280 φησιν.
1712 3197 1731 3269 ἢ
1745 3194 1792 3256 διδ
1802 3195 1832 3256 τὸ
1842 3200 1948 3275 ταραχῶ

364 3295 388 3352 οἰ
402 3288 430 3349 δί
445 3288 532 3369 στίχοι
551 3290 602 3349 εἰσί
617 3287 753 3370 τροχαῖκοί
768 3288 939 3370 τετράμετροι
956 3290 1146 3363 καταληκτικοί
1189 3283 1231 3351 θος
1243 3290 1288 3344 τοῦ
1305 3288 1425 3355 Κλέωνος
1437 3284 1570 3366 ίχρήσατο
1583 3290 1621 3367 τῷ
1634 3284 1795 3365 παφλάζειν,
1811 3284 1898 3365 κυρίοις
1910 3307 1948 3353 ετ,-

363 3379 419 3453 λη’.
437 3377 483 3437 καί
494 3382 511 3449 ἡ
523 3376 623 3443 ίκθεσις
632 3376 731 3447 ταύτης
741 3375 833 3435 κόλων
845 3376 941 3453 ὁμοίων
953 3382 1103 3457 τροχαῖκῶν
1114 3380 1146 3448 ζ’.
1188 3369 1308 3447 μαίνοντι
1319 3372 1368 3447 τίν
1381 3372 1554 3450 κεκινημένην
1568 3371 1711 3431 θάλατταν.

363 3457 400 3525 ῶν
418 3464 451 3524 τδ
471 3464 491 3524 ι’
507 3463 618 3544 δίμετρα
642 3464 826 3535 ἀκατάληκτα.
847 3462 877 3523 τὸ
898 3464 922 3531 ς’
942 3463 1145 3542 παρατελευτον.
1229 3454 1315 3521 ἰνθάδ
1335 3454 1367 3535 ἦν
1389 3481 1397 3523 2
1423 3458 1567 3523 Τουτέστιν
1590 3461 1634 3517 ὅτε
1654 3457 1714 3533 ἔζη,
1736 3458 1850 3537 (ὁπηνίκ’
1869 3450 1897 3531 ἦν
1914 3457 1951 3516 σῖν
2009 3457 2010 3488 ³

324 3573 350 3611 υτ
365 3553 394 3613 τὸ
406 3552 428 3622 ζ’
450 3548 624 3634 ἰφθημιμιρές
638 3548 771 3627 ἰαμόικόν.
791 3550 833 3629 ὑφ’
847 3549 862 3607 θ
876 3554 904 3609 αἰ
916 3550 1035 3623 συνήθεις
1049 3552 1096 3611 δύο
1106 3554 1147 3611 δι·
1187 3549 1272 3624 θμῑνίι
1961 3560 1976 3575 ”

363 3636 457 3718 πλοῖ]
1229 3654 1279 3697 οιο.
1302 3636 1339 3714 μὴ
1356 3635 1466 3697 ἑλκύσαι
1479 3656 1487 3697 1
1502 3633 1569 3695 Ὅτι
1586 3633 1708 3716 περιττὸν
1724 3632 1756 3692 τὸ
1769 3634 1820 3711 μή.
1832 3634 1901 3714 ἤρκει
1910 3632 1951 3712 γάρ

404 3727 486 3797 διπλῆ
508 3726 553 3784 καὶ
576 3724 687 3789 εἰσθεσις
700 3724 737 3790 εἰς
753 3723 859 3803 στίχους
881 3724 1036 3805 τροχαῖκοθς
1055 3728 1147 3807 τριμά-
1189 3725 1271 3783 εἰπεῖν
1285 3723 1326 3783 δτι
1339 3723 1461 3802 ἐμποδὼν
1471 3723 1578 3800 γίνηται
1591 3719 1660 3781 ιίἰοτε
1673 3721 1821 3790 ἐξελκύσαι
1833 3722 1904 3800 ίμοισ
1915 3720 1950 3779 καί

364 3836 444 3895 τρους-
459 3808 667 3881 καταληκτικοθς
687 3810 721 3889 β’,
741 3808 786 3878 οθς
802 3809 843 3871 ἰτι
862 3813 877 3869 θ
896 3811 1047 3893 πρεσόύτης
1067 3813 1146 3893 λέγει.
1188 3811 1222 3870 τδι
1234 3818 1357 3885 τοιαῦτα,
1368 3809 1525 3891 ἀπαγορεύω
1537 3832 1579 3871 σοι
1595 3807 1633 3888 μὴ
1647 3808 1750 3878 ἐξιέναι.

365 3902 406 3984 ὑφ’
427 3898 470 3967 οθς
491 3897 600 3979 κορωνὶς
621 3902 667 3957 τοῦ
693 3902 771 3981 χοροῦ
793 3899 963 3972 εἰσελθόντος,
988 3900 1034 3960 καί
1061 3902 1147 3982 στίχοι
1228 3921 1278 3963 ινιτ.
1301 3900 1356 3982 [ἰοὺ
1379 3900 1446 3961 ἰοὺτ
1470 3898 1621 3977 Ἦδομένων
1645 3898 1702 3958 ἐστί
1723 3904 1817 3971 τοῦτο,
1838 3896 1876 3957 διδ
1891 3918 1952 3976 ταρι-
2008 3931 2009 3946 ι

324 4015 353 4053 ιο
365 3986 461 4066 ὁμοίως
478 3984 614 4067 τροχαῦιοί
632 3985 803 4065 τετράμετροι
822 3989 1015 4060 καταληκτικοί
1037 3990 1089 4064 λς’,
1109 3970 1147 4050 ῶν
1189 3998 1297 4048 σπᾶται.
1311 3991 1347 4056 ὡς
1359 3994 1405 4047 τοῦ
1416 3993 1497 4069 χοροῦ
1510 3993 1588 4047 τοῦτο
1599 3984 1743 4066 λίγαντος]
1959 4000 1977 4041 ιι
2007 4037 2008 4046 ,

364 4077 534 4140 τιλευταῖοςι
550 4074 651 4149 μᾶλλον
663 4069 681 4143 λ
696 4071 819 4153 τδγῆρας
831 4073 914 4142 ε’κδύς.
931 4102 943 4127 ν
954 4084 986 4135 V.
1227 4076 1258 4136 τδ
1273 4078 1313 4136 ἰοὺ
1326 4074 1367 4135 ἰού
1383 4098 1449 4143 τινες
1458 4080 1505 4133 τοῦ
1517 4079 1597 4154 χοροῦ
1609 4073 1688 4154 φασίν
1699 4066 1782 4146 εἰναι,
1796 4070 1865 4132 κατὰ
1875 4070 1949 4149 στίχοι

404 4182 453 4223 ουτ.
475 4150 497 4220 ῶ
512 4158 679 4233 Πανέλληνες
691 4178 699 4219 :
711 4161 866 4231 Λιληθότως
877 4164 913 4230 εἰς
921 4162 1042 4239 ὁμόνοιαν
1054 4165 1147 4233 αθτοίις
1188 4154 1255 4223 εἰναι
1269 4163 1412 4247 φάσκοντες
1423 4162 1454 4222 τὸ
1464 4161 1618 4240 ἀμοιόαῖον·
1634 4162 1680 4221 καί
1695 4160 1764 4220 οῦτω
1778 4160 1825 4220 καί
1838 4164 1888 4218 τῶν
1896 4160 1949 4229 ἡδο-

365 4249 501 4329 περιάγει,
519 4250 710 4328 (θμθθρῠνῆσαι
728 4246 831 4316 πάντας
842 4248 902 4316 τοθς
915 4246 1054 4322 Ἕλληνας
1068 4248 1146 4322 ἀξιῶν
1188 4250 1273 4329 μόνων
1285 4250 1341 4312 ἐοτί
1354 4249 1385 4310 τὸ
1396 4249 1480 4327 λέγειν
1491 4249 1565 4311 αῦτό.
1577 4247 1623 4309 ἰάν
1637 4240 1682 4308 οῦν
1696 4248 1738 4319 εἰη
1751 4254 1801 4308 τοῦ
1811 4253 1898 4331 χοροῦ,
1909 4270 1950 4305 τε·

366 4336 413 4396 καί
435 4334 604 4414 θμοθυμαδδν
619 4338 665 4407 τῆς
679 4333 784 4417 εἰρήνης
797 4335 994 4399 ἀντιλαόέσθαι.
1010 4336 1054 4397 διδ
1070 4345 1147 4401 τοῦτο
1189 4349 1323 4420 ρισπῦται.
1337 4349 1365 4398 R.
1377 4351 1407 4398 V.
2007 4381 2008 4404 ι

325 4447 353 4486 ιτ
367 4424 412 4484 καί
427 4432 476 4504 μιᾷ
486 4420 649 4503 προσηγορίᾳ
665 4418 757 4487 αύτοθς
771 4420 928 4503 περιέλαόε,
941 4426 1026 4497 δηλῶν
1039 4424 1146 4505 τδσυγ-
1227 4446 1277 4487 εει.
1295 4429 1329 4486 ού
1344 4424 1517 4506 σχηματίζειν
1535 4444 1542 4485 :
1558 4427 1600 4485 Οὐ
1613 4422 1682 4483 κατὰ
1698 4423 1746 4495 τλν
1761 4422 1976 4504 ἰμὴνπροείρε-ιι
2006 4491 2007 4502 γ

368 4509 453 4591 mk,
469 4509 515 4569 καί
533 4506 767 4575 δυσωπῶναῦτθθε
780 4511 815 4575 ὡς
828 4507 887 4568 αὖθί
900 4514 934 4590 τῇ
947 4512 1077 4593 ἀνομασίιρ
1090 4514 1147 4572 δια·
1188 4539 1240 4588 σιν,
1264 4513 1354 4595 φησίν,
1375 4518 1392 4585 ἡ
1414 4513 1523 4594 ὄρχησις
1546 4512 1663 4590 γίνεται.
1686 4511 1745 4571 ἀλλ’
1771 4511 1824 4583 ἤδη
1851 4509 1890 4568 διδ
1910 4509 1948 4579 την

367 4594 514 4678 κεκριμίνοι
529 4597 672 4673 πολεμοῦσι
684 4592 748 4675 πρὸς
759 4594 888 4676 ἕᾱυτοῦς.)
1188 4604 1301 4683 άοχετον
1316 4598 1412 4672 ἡδονὴν
1434 4600 1571 4678 αὐτόματα
1582 4598 1685 4682 χορεύει
1701 4622 1753 4676 μου
1771 4598 1807 4658 τδι
1829 4599 1912 4668 σκελη.
1921 4628 1949 4637 -

409 4687 479 4763 (σου).
501 4683 547 4743 καί
571 4686 659 4743 κακῶν
686 4686 834 4769 φοινικικῶν
860 4677 954 4747 τιθίον
977 4690 1145 4763 αἰματωδῶν,
1187 4688 1326 4771 χρησίμως
1338 4687 1366 4749 δί
1379 4689 1444 4771 πρδς
1460 4688 1593 4749 τδπεῖσαι
1608 4687 1704 4755 αὐτούς
1719 4685 1770 4757 τίν
1784 4686 1885 4770 εἰρήνην
1901 4683 1949 4743 ἰλί-

369 4772 422 4831 θπθ
435 4775 481 4843 τῆς
497 4776 543 4829 τοῦ
562 4769 673 4847 αἵματος
686 4780 787 4851 χρῡῑθε.
799 4768 947 4851 Ὄμηροςι
963 4773 1110 4855 φοινίσσετο
1123 4777 1146 4835 δ’
1188 4782 1249 4836 σθαι
1270 4774 1351 4842 οἰίτως
1372 4776 1506 4858 ὑπεράγαν
1527 4775 1594 4855 αὐτῇ
1620 4773 1750 4855 χαίροντα
1771 4774 1894 4847 πεποίηκε
1913 4772 1949 4830 εῖν

328 4880 355 4925 ιο
369 4857 463 4938 αἵματι
483 4862 556 4935 γαῖα.
571 4858 680 4917 νλείπει
701 4854 729 4916 δί
743 4857 773 4916 τὸ
792 4858 974 4939 ἡσυχάσαμεν.
1037 4856 1145 4931 Ἄλλως.
1187 4862 1275 4945 χορόν.
1289 4870 1318 4921 R.
1332 4871 1362 4921 V.
1959 4878 1974 4915 θ’
2005 4893 2006 4896 “

366 4950 419 5007 τῶν
437 4946 602 5023 πολεμικῶν·
621 4944 729 5027 φοινικίς
743 4944 771 5005 δί
786 4944 891 5027 χλαμὺς
909 4950 1051 5027 πολεμική.
1071 4952 1145 5025 -ἣ
1190 5016 1193 5025 ,
1227 4972 1276 5011 m
1299 4950 1336 5027 ίίν
1357 4950 1404 5029 μὲν
1417 4940 1462 5010 οῦν
1476 4950 1548 5010 τουτί
1562 4948 1678 5028 μ’έασον
1699 4948 1892 5024 εἛνσκελος,
1906 4948 1949 5005 δτι·

368 5032 427 5093 ἆνῖἰ
440 5038 484 5092 τοῦ
502 5037 688 5112 ναυμαχιῶν·
702 5031 825 5101 Φοίνικες
842 5034 894 5116 γάρ
908 5035 1029 5115 λέγονται
1042 5049 1147 5120 κρατεῖν
1188 5043 1294 5114 κτικῶς.
1307 5043 1351 5120 ὑφ’
1366 5041 1460 5117 ἡδονῆς
1473 5036 1500 5097 δέ
1514 5042 1529 5097 θ
1547 5038 1625 5120 χορδς
1637 5040 1674 5105 εἰς
1690 5038 1799 5121 ὄρχησιν
1814 5036 1916 5117 ἰτράιιη.
1928 5034 1949 5092 ἰν

369 5123 395 5179 ἰν
409 5127 466 5185 ταῖς
482 5116 650 5197 ναυμαχίαις.
665 5130 696 5180 V·
1190 5126 1382 5211 μόνον,“φησίν,
1397 5124 1475 5187 ἔασόν
1488 5150 1522 5204 με
1534 5130 1629 5205 σχῆμα
1640 5126 1772 5203 ποιῆσαι.)

400 5226 457 5265 σοι.
479 5203 666 5285 μισολάμαχος
684 5228 689 5265 :
707 5206 842 5289 ’λλλοτρία
861 5213 912 5269 τῶν
930 5212 1061 5292 Λαμάχου
1084 5214 1147 5294 τρό·
1229 5235 1277 5306 ουρ.
1302 5212 1379 5293 (ὥστε
1400 5214 1438 5293 μὴ
1458 5217 1548 5274 λυπεῖν
1571 5214 1663 5274 :Vni
1677 5212 1806 5284 δηλονότι.
1822 5213 1947 5292 συγχωρεῖν
