4100 6109
731 473 919 536 scfloLlA
943 473 988 532 ΙΝ
1013 473 1129 534 AVES.
1666 493 1722 546 229

114 585 121 598 .
165 631 220 674 ης.
243 609 305 672 ὅσθ’
317 615 333 670 θ
346 611 402 680 θεὸς
415 611 560 685 ίπιτιίδειος
575 632 583 673 :
601 612 714 692 Δίδυμός
724 635 789 694 φησι
801 612 832 671 τό
846 613 904 671 Πε-
948 619 1005 678 ταῖς
1018 611 1149 694 εὐωχίαις.
1164 606 1197 686 ἦν
1213 613 1240 674 δί
1255 615 1284 695 [ὁ
1299 619 1391 698 Χαῖρις
1408 610 1495 700 θύτας]
1517 621 1658 702 κιθαρῳδὸς
1678 626 1725 708 φο-

127 700 254 784 λαργικδν
273 703 359 779 τεῖχος
378 699 423 760 ἐπί
442 703 545 781 πετρῶν
563 705 675 762 κεῖσθαι.
737 697 856 777 (Ἄλλως.
875 696 907 756 τί
948 697 1011 780 χρδς
1026 699 1072 758 καί
1090 699 1194 780 γίγονεν
1212 702 1337 776 αὐλητής.
1360 705 1516 782 μνημονεύει
1535 705 1562 766 θί
1581 709 1660 769 αὐτοῦ
1679 712 1723 768 καὶ

129 787 296 869 Πελαργικόν
319 786 366 847 καί
383 786 448 847 αθτδ
462 789 558 868 τραχύ.
576 787 645 848 ἀλλὰ
660 787 704 848 διδ
716 788 743 848 τί
762 786 907 858 ίπιτιίδειος
949 786 1122 868 Φερεκράτης
1143 790 1170 846 ίν
1193 789 1300 872 Ἀγρίοις
1324 819 1336 844 ι
1363 791 1418 874 φέρ’
1445 793 1494 854 ίδω
1521 797 1663 878 κιθαρῳδός
1685 799 1725 865 τίς

128 876 172 936 ίπί
192 879 298 958 πετρῶν
315 877 405 950 οἰκεῖν,
422 874 496 957 είπερ
513 875 663 956 ἀλεκτρυύιν
681 878 761 944 ἐστιν,
772 877 795 934 εί
811 874 849 955 μί,
861 874 907 942 τόν
949 900 963 925 ε
977 873 1100 942 κάκιστος
1113 875 1227 954 ίγόνετος
1242 879 1268 956 (θ
1287 879 1395 940 Πεισίου
1414 879 1514 954 Μάλης.
1534 883 1601 960 μετά
1621 882 1648 943 δὲ
1667 887 1724 948 Μέ-

105 978 117 1014 ο
128 963 271 1044 πελαργόν,
284 961 343 1041 άμα
353 961 454 1032 παίζων
464 963 510 1024 καί
520 964 584 1044 πρὸς
594 963 625 1021 τό
636 962 718 1041 ὄνομα
727 988 735 1035 ;
748 962 816 1020 ἀλλὰ
826 959 871 1020 διίι
880 959 907 1018 τί
951 986 963 1013 ι
976 962 1046 1032 λητα
1060 961 1112 1041 τίς;
1124 962 1165 1044 ἔχ’
1177 961 1279 1046 άτρίμ’,
1288 957 1384 1046 ἐγῷδα,
1391 970 1494 1049 Χαῖρις.
1510 997 1522 1024 ι
1533 970 1588 1030 ἔστι
1600 972 1661 1056 καὶ)
1670 972 1724 1032 ἰοε-
1740 1005 1752 1040 ⁵

129 1050 271 1130 Περσικόν,
281 1050 301 1123 ἢ
313 1049 402 1133 Ἄρεος
413 1049 539 1128 νεοττόςς)
951 1071 994 1128 ρος
1008 1051 1137 1124 αὐλητὴς,
1148 1043 1178 1112 ού
1192 1052 1348 1131 μνημονεύει
1363 1057 1489 1136 Κρατῖνος
1500 1059 1527 1118 ίν
1540 1060 1665 1137 Νεμίσει.

164 1158 217 1200 ιιι.
239 1137 356 1220 χάλικας
370 1138 493 1206 εΔίθους.
507 1149 539 1196 V.
989 1156 1040 1198 ουν.
1062 1137 1177 1219 [παῦσαι
1189 1138 1221 1198 σίι
1236 1160 1244 1200 t
1257 1140 1376 1208 Είσθεσις
1390 1145 1572 1223 συστηματικὴ
1588 1147 1728 1224 άμοιόαίας

165 1225 266 1294 άκοδίις
281 1226 395 1306 ὄργασον
407 1246 416 1289 z
430 1224 533 1306 Κυρίως
549 1223 692 1285 πίοσωσαι.
704 1223 832 1307 θργὴγίρ
844 1223 908 1306 παρ’
951 1221 978 1291 ίξ
991 1224 1128 1304 περιόδους
1141 1224 1248 1306 ἔχωσε.
1261 1231 1308 1299 τῆς
1321 1226 1348 1296 δίΙ
1362 1228 1469 1310 πριύτης
1483 1231 1568 1310 στίχοι
1581 1238 1651 1314 τρεῖς
1662 1237 1727 1312 ίαμ-
1833 1277 1838 1286 .

127 1313 250 1388 Ἰωσινὴ
264 1313 360 1374 πίσσα.
376 1314 387 1393 [
399 1317 523 1391 σημαίνει
534 1312 562 1372 δί
573 1313 619 1373 καί
630 1312 660 1373 τὸ
674 1323 795 1394 σπαργθν
806 1311 906 1392 ὀργίζε-
952 1311 1021 1371 όικοί
1035 1312 1223 1387 άκατάληκτοι.
1239 1315 1285 1374 καί
1304 1317 1330 1374 ίν
1349 1317 1446 1376 ἐκθέσει
1460 1317 1545 1400 ίτερος
1565 1321 1669 1398 ὁμοίως.
1684 1326 1726 1403 ὑφ’

95 1420 117 1458 ιο
128 1407 199 1462 σθαι.
210 1408 258 1461 νῦν
270 1403 300 1461 δί
313 1401 370 1461 ἀντί
387 1407 433 1460 τοῦ
446 1401 572 1478 μάλαξον.
588 1400 703 1468 Εὔπολις
715 1397 909 1481 Προσπαλτίοις
951 1397 1189 1482 θνπαράγραφος]
1200 1401 1292 1471 ἔξεισιν
1305 1403 1375 1484 ἱερέα
1387 1405 1432 1462 καί
1444 1406 1560 1478 αὐλητὴν
1572 1407 1649 1488 ἔχων.
1746 1439 1768 1474 w

127 1519 141 1543 ι
153 1489 173 1562 ἡ
184 1491 274 1563 πηλόν
286 1490 405 1572 ὀργιάζειν
415 1488 484 1550 τινά.
499 1497 523 1563 ι)
991 1507 1039 1547 εει.
1060 1487 1145 1567 [οὔπω
1162 1488 1253 1570 κόρακ’
1272 1482 1339 1550 εἶδον
1359 1512 1366 1551 :
1386 1488 1465 1560 Ἴσως
1483 1497 1518 1560 ὡς
1538 1493 1638 1571 μίλανα
1660 1495 1729 1556 σκῶ-

168 1599 219 1640 οιο.
245 1577 385 1658 (κατάπεσ’
400 1577 453 1636 οἰπδ
470 1581 517 1650 τῆς
527 1576 675 1655 κλίμακοςε
691 1580 779 1638 Τοῦτο
792 1575 910 1655 ἔκθλιψιν
951 1599 1021 1637 πτει.
1045 1575 1112 1635 ίοικι
1137 1576 1165 1636 δὲ
1189 1580 1205 1635 ό
1227 1578 1341 1651 αὐλητὴς
1360 1579 1540 1640 διεσκευάσθαι
1561 1584 1597 1650 είς
1617 1581 1728 1662 κόρακα.

127 1667 242 1726 πέπονθε
258 1671 307 1726 ταῶ
324 1664 459 1724 κατοίκισε
478 1663 597 1744 δευτίρου
617 1665 748 1747 ἀορίστου.
764 1667 794 1724 ού
811 1661 864 1745 γάρ
880 1665 908 1721 ίν
953 1662 1059 1746 φύρόιον
1075 1664 1103 1724 δί
1117 1667 1173 1724 ίστι
1186 1665 1217 1725 τὸ
1231 1665 1409 1747 περικείμενον
1429 1671 1466 1748 τῷ
1485 1668 1598 1748 στόματι
1615 1677 1661 1730 τοῦ
1680 1675 1730 1730 αθ-

128 1754 223 1835 χρήοει
236 1753 270 1814 τό
283 1754 380 1826 ἔπεσα,
391 1752 435 1812 ίνα
447 1753 493 1811 καί
506 1752 538 1811 τό
546 1751 647 1829 πόσον.)
952 1753 1032 1823 λητοῖ
1047 1752 1146 1834 δίρμα,
1157 1751 1201 1810 ἵνα
1213 1753 1251 1830 μὴ
1264 1757 1359 1834 οχισθῇ
1371 1755 1402 1814 τό
1411 1758 1499 1835 χεῖλος
1510 1757 1613 1837 αὐτού]

95 1855 117 1892 ¹⁵
165 1862 216 1903 ειι.
237 1843 336 1922 τίετ’ύρ
350 1840 472 1922 ἔγκρυπτ’
484 1839 525 1898 άεί
538 1859 546 1900 :
560 1837 630 1919 (Ἵνα
646 1844 700 1920 σχῇ
711 1839 821 1914 αύτό,εί
832 1838 909 1919 χρεία
994 1837 1270 1922 (θμπεφορόιωμίνονε
1281 1840 1402 1922 Φορόειά
1413 1844 1626 1923 ίστινθχαλενός.
1640 1845 1728 1927 Ἥρω·
1749 1871 1770 1908 ιε

129 1929 270 2008 γενήσεται
289 1931 429 2011 φυλακῆς.)
451 1925 557 1988 ιίιίθασι
576 1925 628 2008 γὰρ
652 1929 679 1986 ίν
702 1935 760 1994 ταῖς
781 1928 910 2008 φυλακαῖς
953 1927 1039 1996 διανδς
1052 1931 1079 1988 ἐν
1093 1932 1127 2007 τῇ
1143 1927 1228 2010 βίόλῳ
1242 1927 1306 2010 φησί
1320 1933 1367 2000 τῆς
1382 1929 1571 2002 Ὀδυσσειακῆς
1584 1934 1731 2014 προσῳδίας
1777 1991 1783 2004 f

128 2015 262 2099 πυρκαὶίες
270 2015 367 2076 καίειν.
953 2014 984 2075 τό
997 2012 1107 2095 φορόειά
1125 2013 1168 2074 διίι
1186 2019 1232 2088 τῆς
1250 2039 1273 2074 ει
1292 2015 1428 2098 διφθόγγου
1446 2017 1590 2100 γράφεσθαι
1609 2019 1654 2078 καί
1672 2019 1732 2088 ὀξυ-

165 2125 216 2166 οιν.
238 2105 433 2185 κωδωνοφορῶν
453 2105 512 2164 :01
525 2101 663 2186 περίπολοι
680 2105 704 2161 οί
724 2102 771 2169 τίς
791 2099 911 2182 φυλακίς
952 2100 1054 2182 τόνοις.)

129 2198 350 2274 ειερισιιοιεοῶτες
366 2189 503 2270 ίρχόμινοι
519 2189 563 2250 ίπί
579 2189 640 2257 τοὺς
655 2188 775 2271 φύλακας
788 2187 911 2254 κώδωνας
993 2208 1042 2249 εοι.
1064 2187 1168 2270 [δράσω
1185 2188 1251 2249 τάδ’·
1267 2187 1335 2249 άλλί
1349 2212 1356 2252 :
1374 2189 1408 2251 ’Π
1423 2191 1531 2274 δευτίρα
1545 2193 1663 2276 περίοδος
1677 2194 1731 2254 κεύ-

94 2297 119 2335 ιυ
129 2275 209 2363 εἶχον,
221 2279 272 2340 καί
286 2277 437 2339 δείεταίτιυν
451 2276 573 2360 θίύφανν,
586 2279 750 2357 πειράζοντες
759 2275 804 2336 τίν
818 2273 913 2358 καθεύ-
952 2277 1008 2335 λων
1030 2275 1076 2336 καί
1099 2276 1197 2358 στίχων
1221 2276 1276 2336 ίστί
1297 2275 1369 2340 δίκα.
1391 2267 1428 2337 ὧν
1451 2281 1465 2337 ό
1487 2283 1589 2361 πρῶτος
1610 2279 1732 2359 ίαμόικός
1746 2309 1773 2347 ιο

130 2374 224 2446 δοντα,
238 2366 289 2428 καί
304 2364 350 2426 ίνα
365 2369 390 2427 οί
408 2367 579 2449 φυλάττοντες
597 2364 826 2446 ἀντιφθίγγωνται.
845 2361 912 2442 (μή-
953 2361 1091 2444 τρίμετρος
1103 2363 1292 2436 δκατάληκτος.
1305 2363 1335 2424 τί
1346 2365 1369 2446 β’
1380 2365 1583 2426 άντιοιιαστικίιν
1597 2367 1734 2451 τρίμετρον

129 2481 192 2518 ποτε
206 2454 237 2516 δί
254 2454 455 2536 παρακωμῳδιῐ
469 2453 515 2513 τίν
533 2453 678 2535 Εὐριπίδου
696 2452 866 2531 Παλαμήδην
882 2453 912 2510 ού
945 2451 1139 2522 άκατάληκτον
1146 2450 1172 2520 ίΕ
1179 2451 1317 2534 ίπιτρίτων
1331 2452 1376 2512 καί
1383 2453 1526 2514 σπονδείω.
1537 2455 1567 2514 τὸ
1578 2461 1601 2534 γ’
1609 2453 1697 2534 ὅμοιον
1708 2455 1734 2523 ίξ

130 2545 294 2626 πρόπολλῶ
307 2540 517 2621 δεδῑθνγιώθνί
955 2537 1094 2619 ίπιτρίτων
1112 2539 1158 2600 καί
1177 2539 1241 2600 αὐτὸ
1260 2539 1400 2620 τρίμετρον
1423 2541 1687 2622 βραχυνοτόληκτον.
1704 2544 1734 2602 τί

168 2653 220 2693 οισ.
242 2634 282 2698 εἰς
295 2629 368 2698 θεούς
384 2629 459 2690 hu:
476 2629 553 2692 Ἐπεί
567 2627 665 2706 μεταξύ
679 2631 728 2708 γῆς
743 2627 789 2688 καί
801 2629 913 2710 ούρανοῦ
954 2625 1078 2706 τίταρτον
1088 2625 1176 2705 όμοιυν
1186 2625 1303 2708 δίμιτρον
1312 2627 1503 2700 θκοιτάληκτον.
1512 2629 1567 2690 τὸτ’
1577 2629 1622 2690 καί
1629 2637 1652 2698 ς’
1661 2631 1734 2708 δίμο-

95 2718 304 2801 ιέστινθᾶήρ.
954 2713 1457 2796 τραβραχυκατάληκτατροχαῖκά.όζ’
1467 2714 1696 2798 όμοιοςτῷα’,τ“ον
1709 2721 1732 2798 β’
1748 2749 1774 2788 νο

168 2828 219 2869 ειο.
242 2806 344 2885 οίμωζο
357 2805 422 2886 παρ’
434 2801 481 2884 ίμί
492 2825 502 2866 :
514 2804 624 2875 Παίζων
634 2802 711 2864 τοότύ
720 2826 810 2886 φησιν,
822 2800 913 2876 ίπειδὴ
956 2799 1025 2882 ίχων
1035 2801 1223 2882 πόδα-χορεῖον.
1232 2801 1264 2861 τί
1273 2815 1297 2875 η’
1310 2800 1399 2880 όμοιον
1408 2806 1446 2884 τῷ
1456 2803 1491 2881 γ’.
1501 2802 1532 2862 τὸ
1541 2807 1561 2862 θ’
1573 2806 1733 2864 ἀναπαιστι-

130 2887 201 2954 εἶπεν
214 2895 291 2976 αύτῷ
300 2893 366 2974 παρ’
376 2891 434 2970 ἱρά.
956 2889 1004 2950 ιιίν
1014 2887 1197 2970 ίφθημιμερίς.
1207 2887 1238 2948 τί
1253 2889 1268 2946 ι’
1281 2888 1395 2949 Ἰωνικὸν
1405 2887 1458 2950 ἀπό
1472 2889 1585 2966 μείζονος
1598 2889 1735 2972 τρίμετρον

168 3002 219 3042 σιν.
240 2978 443 3059 πομπεύσαντα.
458 2989 488 3036 R.
959 2981 1222 3064 βραχυκοιτάληκτον.
1244 2983 1270 3040 ίν
1292 2983 1391 3042 ίκθίσει
1414 2982 1436 3040 δ’
1460 2980 1556 3060 ίαμόοτ
1579 2986 1617 3064 τῷ
1639 2983 1736 3066 πρώτῳ

168 3091 220 3132 σου.
241 3067 293 3141 τὴν
302 3065 417 3148 χίρνιόο
430 3086 438 3127 :
453 3067 522 3127 Ἀντί
535 3071 580 3126 ταῖ
591 3066 623 3125 τό
636 3065 717 3148 ὕδωρ.
732 3066 916 3148 [Δημοσθίνης
957 3069 1053 3147 ὅμοιος.
1067 3071 1110 3152 ὑφ’
1126 3068 1153 3129 όν
1167 3068 1365 3152 παράγροφος]

96 3168 167 3234 ³³11>-
182 3165 235 3230 ειε]
251 3185 265 3210 ι
280 3157 328 3216 καί
339 3153 471 3235 χερνίόων
483 3153 530 3214 καί
542 3157 630 3214 κανῶν
643 3153 813 3235 ἁψόμενον·
829 3154 871 3226 είη
891 3155 914 3215 θ’
996 3177 1046 3218 εοε.
1068 3161 1100 3236 τῇ
1116 3155 1211 3237 Ἑοτίφ
1226 3160 1258 3236 τῇ
1277 3153 1393 3238 ὀρνιθείῳ
1414 3179 1421 3217 :
1442 3157 1610 3235 Ἐμιμήοατο
1632 3157 1666 3218 τί
1684 3163 1735 3218 τῶν
1749 3191 1776 3230 ³„

132 3247 163 3306 ἂν
174 3241 342 3310 &motin
351 3240 528 3323 τῖκχίρνιψ]
583 3283 587 3290 -
728 3264 731 3268 ⁴
958 3245 1102 3324 ἀνθρώπων
1115 3243 1177 3316 ἤθη.
1190 3243 1236 3302 καί
1248 3243 1301 3325 γάρ
1314 3243 1369 3310 ἔθος
1382 3243 1435 3302 άπὸ
1455 3249 1501 3318 τῆς
1519 3243 1627 3314 Ἑστίας
1647 3247 1735 3328 ἀπάρ-

169 3354 220 3394 ιαι.
242 3333 416 3414 [δμορροθιῖιε
430 3330 546 3410 Κορωνίς
561 3329 610 3402 καί
626 3329 735 3397 τίσθισις
749 3329 817 3410 μετί
834 3339 916 3414 χοροῶ
943 3337 1051 3411 ,χεαθαι
1064 3333 1100 3410 (ἐν
1113 3333 1171 3398 ταῖς
1183 3329 1305 3409 θυσίαις).
1316 3329 1387 3408 ίμιξε
1402 3330 1430 3391 δί
1444 3330 1478 3391 τί
1489 3333 1596 3392 ίπίθεπα
1606 3336 1658 3393 τῶν
1671 3338 1744 3393 θεῶν.

134 3422 178 3482 καί
191 3419 296 3502 στροφὴ
310 3416 403 3477 κάλεον
417 3417 547 3498 διεφόρουν
563 3418 595 3478 θ’.
610 3407 648 3477 ὧν
661 3418 692 3478 τί
711 3419 735 3478 α’
754 3419 872 3500 περίοδος
889 3419 916 3489 ἐξ
957 3419 1012 3486 τοῖς
1023 3417 1133 3501 θρνίοις,
1147 3417 1242 3499 Ἔστίφι
1256 3417 1372 3500 ὀρνιθείῳ
1382 3418 1427 3478 καί
1440 3419 1527 3501 ἰκτίνῳ
1539 3419 1675 3502 ἑστιούχῳ

135 3503 265 3588 ῖεμόιιὶῆς
276 3506 379 3588 βάσεως
389 3504 435 3564 καί
446 3509 588 3586 τροχαῑκῆς
597 3508 802 3578 ιεαταληκτικῆς.
813 3506 848 3568 τί
858 3506 917 3580 ίξῆς
998 3525 1046 3566 σω.
1069 3496 1105 3584 (ιίι
1123 3505 1274 3587 σουνιόρακε
1293 3525 1301 3566 :
1321 3505 1401 3566 Ἐπεί
1417 3507 1477 3586 περί
1494 3507 1601 3588 ὀρνίθιον
1620 3512 1636 3567 θ
1647 3507 1722 3586 λόγοι
1729 3555 1742 3580 ,,

96 3614 121 3656 ιι
134 3598 193 3680 τρία
205 3591 356 3679 τροχαῑκδ,
369 3592 401 3652 τὸ
418 3590 467 3670 μίν
485 3591 674 3673 ἐφθημιμιρίς,
694 3592 725 3652 τό
742 3593 771 3652 δί
788 3599 917 3671 πειθημι-
958 3593 1017 3654 ἀντί
1034 3599 1080 3652 τοῦ
1102 3591 1271 3672 Σουνιάρατε.
1292 3592 1411 3673 φαίνεται
1434 3595 1461 3654 δί
1484 3585 1550 3655 ιίναε
1574 3597 1736 3667 Ποσειδῶνος
1750 3639 1787 3680 ³5·

133 3686 224 3768 μερίς,
234 3683 269 3743 τὸ
283 3683 306 3740 δ’
321 3679 506 3751 όκατάληκτον
519 3679 650 3762 δίμετρον,
663 3684 700 3748 ὡς
712 3681 759 3741 καί
772 3681 802 3740 τὸ
816 3681 915 3760 όγδοον.
958 3679 1124 3742 τίίπίθετον.
1139 3679 1184 3740 καί
1198 3683 1225 3740 ίι
1238 3679 1360 3740 Ἱππεῦσι
1369 3681 1456 3760 [εοθίι
1465 3672 1492 3741 ιῖι
1501 3682 1627 3764 δελφίνων
1638 3681 1736 3760 μεδίων

133 3774 198 3840 τίς]
213 3768 397 3839 άναπαιστυιὴ
416 3767 502 3846 βάσις,
515 3767 547 3827 τό
561 3771 581 3837 ζ’
600 3767 724 3845 ίομόικόν
742 3767 917 3852 ίφθημεμερίς
959 3767 1129 3850 Σουνιάρατε.
1139 3795 1151 3821 ν
1161 3767 1270 3848 παρίτὸ
1282 3769 1309 3826 ίν
1322 3791 1359 3848 τῳ
1369 3768 1469 3849 Σουνύρ
1481 3769 1605 3851 άερῳτῆς
1619 3769 1737 3842 Ἀττικῆς

134 3863 179 3920 καί
188 3860 219 3920 τό
232 3863 269 3921 θ’.
280 3854 347 3924 τινίς
360 3854 389 3916 δί
400 3852 570 3935 προστιθίασι
583 3853 629 3914 καί
643 3883 655 3908 ι
669 3854 750 3936 φἰδάν.
764 3883 777 3908 ι
788 3859 831 3938 ὑφ’
842 3856 857 3916 δ
869 3879 917 3916 κο-
957 3856 1005 3924 τδς
1013 3855 1093 3936 εύχίς
1105 3855 1152 3915 καί
1160 3853 1206 3923 τάς
1217 3854 1282 3936 άρδς
1291 3853 1430 3938 δέχεσθαι.)
1446 3856 1610 3938 [Πελαργικί
1621 3859 1663 3932 δί,
1679 3859 1736 3917 αἰντί

135 3946 237 4030 μαινίς]
959 3949 1005 4004 τοῦ
1018 3941 1180 4022 Πελασγικέ.
1195 3941 1252 4019 ἅμα
1267 3940 1295 4002 όί
1307 3941 1370 4010 ίουις
1384 3942 1430 4002 καί
1449 3942 1523 4026 παρὰ
1540 3944 1584 4003 τόν
1596 3946 1736 4027 πελαργόν,

100 4067 126 4104 w
174 4035 329 4115 (ὁμορροθῶ
344 4053 352 4092 :
366 4027 529 4108 Σοφοιιλίους
542 4031 573 4087 lx
590 4027 716 4102 Πηλέως,
731 4029 790 4089 άντί
808 4034 869 4103 τοῦ,
886 4030 918 4089 τί
959 4030 1004 4092 καί
1017 4034 1058 4090 ότι
1069 4035 1082 4091 ό
1095 4031 1228 4092 Ποσειδῶν
1239 4029 1370 4108 πελάγους
1381 4029 1496 4111 ἔφορος]
1751 4073 1776 4112 4⁰

136 4123 199 4182 αὐτὸ
217 4123 319 4207 φρονῶ
337 4121 487 4198 θμορροθιῖν
504 4115 533 4175 δί
555 4115 694 4198 κυρίωςτί
711 4117 769 4193 ἅμα
782 4117 828 4176 καί
848 4141 916 4196 συμ·
998 4139 1047 4180 m.
1068 4116 1155 4178 ούκίτε
1169 4117 1310 4186 Κολαινίς;
1326 4114 1420 4199 (Παρί
1430 4116 1477 4188 σίν
1491 4122 1537 4193 τῆς
1550 4123 1636 4202 φωνῆς
1646 4120 1736 4197 ίμοιό-
1844 4155 1846 4158 -

136 4209 227 4291 ρῶνως
242 4207 369 4290 ίρίσσιεν.
384 4210 428 4263 νῦν
444 4201 472 4262 δί
488 4201 546 4262 ἀντί
558 4208 604 4262 τοῦ
620 4207 737 4284 ουνεργῶ
750 4207 783 4283 τῇ
798 4205 834 4271 τίς
847 4203 918 4272 θεοὺς
958 4229 1026 4280 τητα
1048 4199 1178 4286 ’λρτίμιδι
1198 4204 1335 4283 ίπύινυμον
1356 4210 1380 4279 ἠι
1395 4205 1516 4272 κολαινίς.
1537 4205 1689 4284 Μεταγένης
1709 4205 1736 4264 δί

137 4296 233 4376 θυσία.)
959 4297 986 4353 ίν
1000 4292 1099 4374 Αύραις
1121 4321 1132 4342 ο
1150 4292 1188 4359 τίς
1201 4297 1218 4362 ἡ
1240 4291 1361 4358 Κολαινὶς
1381 4289 1514 4372 Ἄρτεμιςς
1533 4291 1615 4372 ίερείις
1631 4291 1682 4373 γάρ
1701 4291 1737 4351 ὢν

174 4405 225 4446 eu.
248 4378 467 4461 συμπαραινίσας
478 4376 534 4457 ίχω
548 4397 555 4438 :
569 4377 638 4438 ’λντί
649 4383 695 4437 τοῦ
706 4379 908 4458 συμπαρῄνεσα.
958 4379 1092 4460 τετύχηκα
1105 4383 1152 4450 τῆς
1169 4379 1361 4446 Κολαινίδος.»
1380 4379 1443 4460 φησί
1462 4379 1489 4438 δὲ
1507 4379 1660 4446 Ἑλλάνικος
1679 4380 1736 4439 Κό-

103 4501 126 4539 ιε
175 4491 226 4532 ωε.
247 4467 377 4552 προσόδια
387 4465 491 4546 μεγάλα
502 4487 510 4526 :
521 4465 665 4543 (Ἀπότῶν
676 4465 835 4546 προσόδια.)
848 4466 917 4526 οὕτω
958 4469 1047 4526 λοινον
1061 4465 1161 4546 Ἑρμοῦ
1179 4463 1304 4543 ἀπόγονον
1319 4469 1347 4525 ίκ
1362 4465 1483 4542 μαντείου
1502 4464 1569 4546 ίιρδν
1583 4464 1737 4545 ἱδρύσασθαι
1751 4505 1776 4544 η,

138 4558 165 4618 δὲ
182 4559 275 4637 ίλεγον
291 4555 341 4623 τίς
357 4551 558 4635 προσαγομένας
575 4553 628 4620 τοῖς
646 4553 712 4620 θεοῖς
730 4552 853 4631 πομπάς,
872 4555 917 4614 καί
961 4552 1113 4620 Κολαινίδος
1129 4553 1284 4632 Ἀρτέμιδος.
1299 4555 1345 4612 καί
1359 4551 1519 4630 Φανόδημος
1533 4555 1607 4632 ἐντῇ
1626 4553 1659 4614 δ’.
1682 4555 1737 4614 Eb-

138 4645 266 4726 προσόδια
278 4642 313 4704 τί
327 4644 363 4710 εἰς
375 4639 533 4721 πανηγύριες
545 4643 597 4699 τῶν
615 4644 680 4700 θεῶν
694 4633 829 4717 ποιήματα
843 4641 917 4723 παρίι
959 4639 1061 4722 φρόνιος
1078 4639 1107 4699 δί
1114 4661 1203 4720 Ιφησιν
1221 4637 1261 4697 ότι
1281 4641 1308 4698 ἐν
1328 4640 1478 4719 Ἀμαρύνθῳ
1496 4643 1512 4710 ἡ
1533 4639 1670 4710 Κολαινὶς,
1694 4639 1736 4698 διίι

141 4739 190 4793 τῶν
200 4735 316 4814 λυρικῶν
329 4727 470 4807 λεγόμενα.
958 4729 989 4787 τὸ
1002 4727 1045 4786 τὸν
1060 4725 1240 4805 Ἀγαμέμνονα
1255 4729 1331 4784 θῦσαι
1346 4730 1411 4804 αὐτῇ
1430 4729 1485 4785 ἐκεῖ
1497 4725 1568 4806 κριὸν
1590 4725 1675 4785 κόλον.
1694 4728 1737 4784 ίπί

177 4842 229 4881 σοι.
252 4815 354 4883 Πυθιάς
372 4815 422 4894 βοά
442 4835 450 4875 :
474 4817 529 4891 ΙίοᾶΙ
540 4818 555 4873 δ
568 4814 691 4887 αὐλητής.
705 4813 808 4893 εἴρηται
820 4815 861 4874 ότι
874 4817 918 4874 ίπί
958 4813 1055 4885 ταύτης
1068 4814 1096 4872 δὲ
1110 4812 1280 4891 Καλλίμαχος
1293 4819 1331 4884 [ιο.
1344 4821 1380 4884 ιο]
1392 4812 1461 4890 λέγει

105 4945 129 4981 ,η
140 4912 197 4974 ταῖς
216 4904 318 4972 θυσίαις
337 4901 446 4974 ηύλανν.
506 4898 650 4972 ἷθλλωοὴ
672 4904 729 4978 μετ’
748 4904 829 4962 αὐλαῗι
848 4926 918 4982 γινο-

142 4997 206 5071 μένη
220 4993 280 5074 βοή.
291 4991 323 5051 τό
334 4991 432 5061 Πύθιον
450 4989 535 5067 μέλος.
550 4989 621 5058 ίνθιν
634 4989 680 5049 καί
692 4990 827 5062 πυθαύλης
846 4990 917 5068 γίνε-

140 5107 193 5142 ται.
215 5081 286 5141 οὗτω
308 5079 336 5138 δί
361 5077 449 5158 ἔλεγον
471 5077 514 5136 τὸν
535 5086 645 5139 παιθνα.
668 5077 714 5136 καί
738 5083 815 5139 τῶτο
839 5077 866 5138 δί
888 5081 935 5139 ἐκ·
1015 5149 1018 5154 .

143 5167 263 5242 Πηλέως.
959 5172 1036 5226 ταῖτο
1056 5163 1085 5224 δί
1108 5165 1210 5242 μήποτε
1232 5164 1409 5245 ίσχεδίασται.
1433 5165 1456 5223 οί
1477 5162 1527 5243 γάρ
1551 5159 1733 5242 Μυρρινούσιοι

124 5311 128 5318 .
181 5276 232 5316 ατο.
254 5253 349 5334 Χαῖρις
360 5251 430 5334 ᾠδάν
446 5274 453 5312 :
470 5251 519 5321 Ὣς
533 5251 687 5330 αὐτομάτοις
705 5252 819 5320 ἐπιόντος
838 5256 917 5322 αὐτοῦ
961 5253 1104 5323 Κολαινίδα
1125 5251 1311 5338 ἐπονομάζουσι
1334 5251 1380 5324 τὴν
1404 5249 1537 5338 ᾨίρτεμιν,
1562 5247 1648 5330 ὥσπερ
1668 5243 1742 5308 Πει.-’

1067 4961 1529 5025 τθνὼινιίιυυυὼτόιιῦθοινεῑσατο,
1751 4987 1775 5024 αι

1066 5039 1094 5096 τῇ
1106 5035 1145 5082 καὶ
1157 5033 1254 5096 λίπουρα
1266 5034 1305 5082 καὶ
1314 5033 1410 5095 μόνωτα
1418 5033 1503 5082 θύεται.
