4100 6109
675 440 863 499 sellom
893 440 930 498 {N
959 440 1129 500 VESPAS.
1645 456 1698 507 151

107 568 200 637 ιθτελὲς
229 570 390 652 προσάψημα
420 570 446 627 ἐν
481 568 649 634 λοπαδίσκοις
680 566 879 645 σκευαζόμενον.
922 568 1224 647 τρυπημίναι,ἀπε’λυον
1239 568 1266 629 δὲ
1281 574 1308 629 αἱ
1319 570 1436 651 πλήρεις.
1455 572 1537 630 δεῖται
1547 564 1592 631 οῦν
1606 576 1701 643 αὐτοῦ,

107 656 209 723 Ἄλλως.
222 656 259 715 τὰ
272 656 403 737 κεφάλαια
421 660 473 713 τῶν
492 654 598 733 ἰχθύσιν,
616 657 651 719 ὡς
663 653 811 726 ἀκανθάνδη.
833 652 880 713 καλ
921 658 964 719 ἵνα
976 656 1025 729 τήν
1040 657 1237 738 τετρυπημένην
1256 659 1292 723 εἰς
1306 658 1350 715 τὸν
1367 656 1473 738 ὕστερον
1488 659 1533 719 τθν
1549 660 1644 741 άκυρον
1658 685 1703 720 κα-

106 738 880 823 θιερεκράτηςένἘπιλήσμοσινιόστιςπαρίθηκεκράνην.ν
922 748 989 821 ταθῇ
1011 744 1057 802 καλ
1076 742 1195 823 ἀπολύσῃ
1216 742 1260 801 τὸν
1283 744 1501 822 ἀπολογούμενον.
1525 745 1658 828 φαίνονται
1675 746 1703 805 δδ

107 830 290 911 χαρακτηρίζει
303 830 331 889 δὲ
347 828 406 896 τοθς
420 828 613 909 μικρτκλίπτας
631 830 657 885 έν
670 831 725 893 τοῖς
738 827 805 899 ίξῆς.
822 832 881 894 τοθς
923 829 1039 901 συνήθως
1051 832 1191 895 καλοῦντες
1208 829 1253 887 τδν
1271 830 1360 911 κύριον
1376 831 1497 913 ἀμφορέα
1510 832 1644 914 πρότερον,
1659 832 1703 891 τδν

87 916 166 977 ειίκοι
180 916 307 995 μένοντας
319 920 371 975 τῶν
384 918 507 985 πολιτῶν,
520 914 565 974 καλ
579 914 765 994 ἁρπάζοντας.)
815 908 817 913 “
923 916 945 974 δ’
962 914 1049 997 ἔτερον
1067 916 1161 998 ἀκυρον
1178 915 1302 997 (ὕστερον.
1358 913 1471 985 Ἄλλως.
1488 922 1524 986 εἰς
1539 919 1729 1001 τδνῦστερονς

139 1025 188 1063 νο.
213 1004 271 1081 (καί
284 1004 331 1071 τδς
342 1003 456 1070 ἀκάνθας
466 1022 473 1062 2
483 1000 555 1079 Ἅμα
568 998 616 1079 μὲν
626 1000 671 1059 ἐπὶ
681 1005 727 1059 τοῦ
738 1000 826 1073 κυνδς,
834 1002 879 1058 εὖ·
923 1002 951 1063 δὲ
965 1003 1088 1063 καδίσκον
1101 1003 1151 1075 τήν
1164 1005 1409 1083 ἀποδοκιμάζουσαν
1422 1005 1545 1067 ένέόαλον
1558 1010 1663 1089 ψῆφον.)

106 1090 186 1149 τελέοι
201 1114 232 1150 τε
249 1090 388 1172 χρωμένω
405 1089 451 1149 καλ
469 1093 592 1169 πανταχῆ
609 1090 762 1168 φοιτῶντος,
780 1086 836 1164 ἅμα
853 1084 881 1145 δὲ
962 1110 1011 1151 τινα.
1034 1089 1129 1167 (μύσας
1142 1090 1258 1171 παρᾷξον
1279 1090 1414 1163 εἸίπειδν)
1427 1092 1501 1173 παρά
1516 1097 1565 1166 τήν
1578 1095 1703 1177 προαίρε-

107 1176 190 1243 καὶίις
202 1176 406 1259 ίπλατρατηγοῦ
415 1175 556 1257 προϊόντος.
565 1173 610 1233 καλ
621 1174 715 1253 Λάχης
723 1172 775 1253 γθρ
785 1168 821 1241 εἷς
829 1177 881 1232 τῶν
924 1200 965 1236 σιν
985 1180 1065 1236 αὐτοῦ
1087 1178 1220 1236 ἀναπείθει
1238 1178 1315 1237 αύτδν
1337 1179 1411 1260 ῥίψαι
1429 1179 1478 1249 τήν
1497 1182 1584 1261 ψῆφον
1603 1184 1639 1249 είς
1659 1182 1703 1241 τδν

107 1262 218 1330 ἐξιόντων
233 1267 389 1343 στρατηγῶν
400 1262 502 1338 ίγένετο
515 1264 542 1320 ἀν
554 1269 612 1327 ταῖς
623 1259 737 1337 ίξόάοις.)
924 1264 1019 1344 ἀκυρον
1039 1264 1127 1335 κάδον,
1148 1264 1227 1344 φησὶν
1247 1266 1326 1342 αὐτῷ’
1346 1263 1431 1341 μύσας
1446 1271 1522 1325 τοῦτο
1538 1267 1656 1343 ποίησον,
1667 1272 1704 1335 ῶς

78 1372 97 1410 ιυ
139 1370 190 1411 vo.
215 1350 240 1427 (δ
254 1351 277 1409 δ’
290 1348 376 1431 ίτερος
387 1340 438 1416 οἶός
449 1351 519 1413 ἐστιν
531 1369 539 1409 :
551 1347 585 1409 ‘0
598 1347 750 1428 κατήγορος.
762 1347 803 1419 είη
817 1346 840 1405 δ’
850 1346 882 1405 δν
925 1349 1023 1410 ἀτόπου
1037 1352 1110 1431 αὐτῷ
1122 1349 1215 1409 τούτου
1228 1349 1405 1431 φαινομένου.)
1721 1381 1746 1420 ιη

107 1442 118 1495 θ
129 1436 231 1509 Κλέων,
244 1434 272 1495 όν
283 1458 362 1517 φησιν
374 1438 565 1515 ἐνδομυροῦντα
576 1433 609 1493 τδι
624 1438 672 1506 τῆς
686 1433 787 1500 πολεως
799 1456 881 1491 κατε·
964 1458 1012 1497 ουν.
1034 1437 1100 1516 πρὸς
1112 1438 1161 1508 τήν
1175 1440 1271 1517 ᾖρον.
1286 1449 1315 1495 R.
1689 1506 1694 1514 Ι

107 1524 188 1583 οθίειν.
202 1521 262 1591 τοθς
274 1524 341 1583 οίκοι
354 1514 399 1583 σῦν
411 1522 535 1601 μένοντας
547 1526 601 1581 τῶν
611 1524 724 1581 πολιτῶν
738 1520 784 1580 καί
797 1519 883 1599 άρπά-
937 1550 944 1563 ·
964 1544 1012 1583 ουι.
1034 1522 1071 1581 ὅδ’
1094 1522 1146 1581 ἔσθ’
1168 1525 1183 1579 δ
1202 1521 1327 1602 πρότερος
1349 1542 1357 1583 :
1380 1522 1424 1600 (Ὁ
1441 1524 1574 1599 καδίσκος,
1597 1526 1661 1585 ὅπου
1679 1530 1706 1587 at

107 1614 189 1677 (αντας
202 1609 419 1690 χαρακτηρίζει.)
925 1612 977 1667 τῶν
1005 1606 1257 1687 καταδικαζομένων
1278 1612 1361 1691 ἥρω
1387 1610 1537 1671 έόάλλοντο.
1597 1612 1705 1682 Ἄλλως.

140 1714 189 1755 οτι.
215 1692 299 1773 (αἰδοῖ
310 1714 318 1755 :
331 1692 882 1775 Ὦςμαλαχθελςδγίρωνδυσαρεοτείται,
926 1696 1082 1756 έναλλάσσει
1103 1695 1150 1762 τάς
1176 1704 1282 1776 χεῖρας,
1303 1696 1450 1778 περιφέρων
1469 1698 1516 1765 τδς
1537 1700 1640 1779 ὑδρίας,
1663 1700 1706 1759 ίνα

80 1804 97 1839 ιι
108 1781 181 1841 κακόν
192 1782 340 1860 τινομέζων
353 1782 417 1841 αὐτὸ
430 1772 510 1855 εἶναι,
522 1780 607 1841 διὰτὸ
619 1780 697 1853 άηθες
709 1772 775 1841 εἶναι
787 1782 881 1861 αύτιρ.)
926 1781 1058 1859 ἀγνοήσας
1071 1782 1256 1859 ἀποδοκιμάσῃ
1274 1786 1310 1849 είς
1328 1784 1373 1843 τὸν
1391 1783 1497 1866 ῦστερον
1516 1785 1640 1846 καδίσκον
1659 1786 1706 1859 τήν
1723 1815 1746 1851 ια

141 1889 190 1929 m.
210 1867 517 1949 οἷκτεέρατάθτόνεΤδν
525 1866 643 1949 γέροντα.
675 1858 795 1948 ῶπάτερ
812 1866 883 1934 εὫς
926 1868 1171 1946 ἀποδοκιμάζουσαν
1185 1868 1308 1946 δμῦαλὼν
1323 1872 1416 1953 ψῆφον.
1476 1870 1594 1949 Ἄλλως.)
1613 1880 1706 1952 μιμεῖ-

108 1956 365 2036 πρδςδικαστήρτονθ
378 1954 460 2035 λάρος.
483 1966 546 2014 vict.
925 1980 969 2015 ται
994 1955 1054 2022 τοὺς
1078 1959 1105 2015 ἀν
1131 1960 1170 2036 τῷ
1196 1956 1358 2037 δικαστηρίῳ
1386 1958 1514 2026 πολλάκις
1542 1962 1707 2029 ἀπατῶντας.

142 2062 189 2103 κτα
220 2042 266 2101 καί
281 2041 320 2120 μὴ
335 2040 499 2123 διαφθείρητε
517 2060 526 2102 2
541 2040 588 2108 Ὦς
601 2040 666 2123 πρθς
676 2039 706 2099 τδ
717 2039 883 2121 δικαστήριον
926 2046 1050 2123 (ἑστῶτος
1061 2043 1113 2124 γάρ
1128 2050 1175 2102 τοῦ
1189 2064 1218 2103 τε
1232 2050 1436 2125 κατηγοροῦντος
1448 2046 1549 2105 καὶτοῦ
1564 2049 1708 2127 ἀπολογου-

109 2129 202 2207 θλόγος
212 2129 313 2189 καὶτὸν
326 2130 447 2210 γέροντα.
834 2182 837 2189 ,
927 2127 1023 2205 μίνου,
1036 2129 1133 2210 ψάδδον
1143 2127 1251 2208 κατέχει
1266 2132 1404 2210 παρεστὼς
1419 2135 1434 2188 δ
1445 2131 1539 2211 κῆρυξ,
1555 2130 1708 2212 ἢθεσμοθί-

78 2232 99 2270 το
145 2220 202 2293 (ποῦ
215 2214 250 2273 τά
264 2214 360 2273 παιδία
376 2234 384 2279 :
398 2213 463 2275 Ὅτι
475 2214 521 2274 καί
534 2213 567 2273 τά
582 2213 675 2273 παιδία
691 2212 776 2272 κλαίει
790 2216 817 2273 ἔν
831 2215 884 2282 τοῖς
924 2240 986 2289 της,
1005 2217 1052 2275 καί
1066 2213 1151 2295 τούτῳ
1166 2217 1296 2287 έπιτίθησι
1312 2215 1372 2285 τοθς
1386 2218 1646 2298 καταψηφισθέντας,
1665 2220 1708 2279 ἵνα
1721 2246 1748 2283 ’κν

110 2304 280 2384 δικαστηρίοις
302 2307 355 2361 τῶν
377 2302 619 2384 κατηγορουμένων.
643 2302 689 2361 καὶ
710 2302 835 2383 ἀνωτίρω
855 2301 883 2363 δέ
926 2304 963 2381 μὴ
984 2302 1069 2382 ἔτερος
1086 2303 1141 2360 ἀνθ’
1161 2302 1249 2382 έτίρου
1267 2305 1385 2385 ἀπαχθῇ.
1445 2304 1552 2373 Ἄλλως.
1572 2307 1676 2385 βάλλων
1694 2314 1709 2367 δ

111 2382 192 2465 εἶπεν.)
901 2452 906 2484 ρ
926 2388 1080 2450 Φιλοκλέων
1099 2388 1148 2461 τήν
1166 2389 1251 2471 ψηφόν
1267 2412 1339 2470 φησι·
1359 2395 1463 2461 καθῆκα
1481 2392 1508 2451 δὲ
1527 2394 1563 2459 τίς
1580 2392 1623 2452 τδν
1641 2394 1707 2475 πρά-

145 2498 192 2537 ντιι
218 2476 375 2555 (κνυζόμινα
393 2498 402 2537 :
423 2476 637 2557 Παρακλαίοντα.
657 2480 691 2544 ῶς
703 2476 881 2536 όπλκυνῶνδί
901 2496 905 2549 γ
925 2480 1018 2557 τερον.)

112 2555 169 2622 είπε.
192 2564 337 2641 κνυζηθμδς
364 2563 415 2645 γάρ
441 2564 545 2643 λέγεται
576 2562 642 2623 ποιά
667 2588 705 2633 τις
731 2563 774 2625 ίπλ
799 2568 882 2626 κυνῶν
966 2562 1044 2642 (αὕτη
1057 2562 1177 2622 ’ντιυθενί
1194 2585 1201 2624 :
1221 2562 1275 2625 Δύο
1297 2563 1416 2624 καδίσκοι
1438 2568 1490 2624 τῶν
1508 2565 1602 2647 ψήφων
1630 2557 1707 2639 ήσαν,

80 2673 101 2711 α.
113 2651 193 2731 φωνή.)
926 2640 961 2718 εἷς
982 2650 1030 2725 μίν
1050 2653 1065 2710 θ
1083 2648 1172 2723 ἐλέου,
1195 2654 1211 2709 δ
1228 2650 1327 2723 ὀπίσω,
1346 2649 1430 2733 ἕτερος
1449 2650 1493 2724 δέ,
1516 2656 1531 2709 ὁ
1552 2652 1707 2734 ἔμπροσθεν,
1721 2678 1748 2716 ατ

146 2758 191 2799 νον.
212 2736 319 2797 κατάόα
340 2736 446 2797 κατάδα
461 2757 469 2797 :
484 2736 548 2798 Ὅτι
568 2736 684 2811 συνήθως
698 2736 779 2806 ούτως
794 2736 882 2819 ἔλεγον
926 2736 1049 2797 θανάτου.
1062 2736 1290 2819 παρασκευάζεται
1307 2731 1352 2797 οὖν
1364 2740 1400 2805 είς
1416 2736 1460 2797 τὸν
1474 2744 1520 2797 τοῦ
1535 2739 1607 2797 ἐλέου
1622 2738 1707 2815 3526«-

113 2828 193 2893 ἐντοῖς
205 2824 381 2905 δικαστηρίοις
391 2824 533 2896 κατάόηθι.
548 2836 576 2885 Β.
599 2824 714 2902 (εἰώθασι
728 2822 780 2907 γάρ
798 2825 882 2903 λέγειν
928 2827 983 2883 λεῖν
1006 2823 1054 2896 τήν
1068 2827 1165 2906 ᾖρον.
1186 2824 1315 2883 ἀλλάσσει
1333 2823 1386 2905 γάρ
1405 2824 1465 2893 τοθς
1483 2825 1578 2895 τόπους
1594 2830 1709 2887 αὐτῶνθ

114 2917 136 2971 οί
153 2912 283 2987 δικασταί,
294 2912 357 2971 ὅταν
378 2912 513 2972 ἀπολύωσι
524 2912 570 2972 καὶ
586 2913 696 2973 πείθωσι
707 2920 761 2979 τοῖς
782 2911 882 2991 λόγοις,
926 2910 1104 2985 Βδελυκλέων,
1121 2909 1164 2970 ίνα
1181 2911 1323 2982 ἀπατηθείς
1338 2916 1352 2971 δ
1367 2910 1456 2993 πατὴρ
1472 2912 1541 2993 βάλῃ
1556 2916 1592 2981 είς
1606 2914 1648 2973 τὸν
1662 2917 1710 2973 τοῦ

114 2998 198 3075 μηκέτι
209 2998 278 3078 λέγε.
290 2998 419 3066 πολλάκις
429 2998 480 3080 γάρ
497 2997 612 3067 εἰπόντες
625 2999 654 3058 τδ
666 2997 771 3058 κατάὸα
785 2998 883 3071 έόηπά-
926 2999 1020 3078 ε’λίου.)

79 3088 204 3162 αυτηοαν.)
964 3107 1013 3147 ινα.
1038 3085 1104 3167 (φέρ’
1115 3084 1230 3167 έίεράσω
1244 3107 1251 3145 :
1266 3085 1389 3145 Ἀντλτυῦ
1402 3090 1437 3154 εἰς
1447 3086 1495 3159 τὴν
1506 3091 1555 3167 γῆν
1566 3086 1746 3165 μεταδαλῶη,

146 3193 189 3233 νικ
216 3170 274 3231 ἀντὶ
293 3176 340 3231 τοῦ
353 3170 439 3251 λόγων
455 3172 623 3231 ἀκοῦσαικαὶ
642 3172 751 3245 ἐλεῆσαι
766 3162 822 3231 εἶπε
840 3176 882 3254 ρο-
924 3173 970 3241 τάς
989 3173 1099 3254 ψήφους.
1120 3171 1168 3252 έρα
1186 3172 1237 3253 γάρ
1259 3176 1277 3244 ί,
1298 3177 1343 3251 γῆ.
1369 3171 1492 3250 βούλεται
1514 3174 1541 3233 δὲ
1564 3177 1708 3255 ἀριθμῆσαι

113 3264 192 3319 τῖσαι.
203 3268 233 3315 V.
925 3259 971 3328 τάς
1014 3259 1022 3280 ’
1073 3283 1094 3327 ς.
1403 3304 1409 3317 .

115 3294 191 3406 τιινιτ.
217 3344 268 3425 έγτλι
287 3345 339 3427 γάρ
357 3345 526 3429 ἀπεδάκρυσα
549 3367 557 3406 t
582 3345 687 3423 (Κοινόν
707 3371 733 3407 τι
752 3344 844 3407 παθῶν
868 3350 882 3405 δ
914 3402 917 3407 .
965 3262 1345 3427 υιθίφᾶυκπίφευγαςῶλάόης
1363 3367 1370 3406 :
1387 3346 1436 3414 Ὦς
1452 3350 1642 3427 άριθμηθεισῶν
1655 3351 1707 3409 τῶν

114 3432 259 3513 πρεσόύτης,
273 3434 319 3493 καλ
332 3432 509 3514 ἐπιδακρύσας
522 3436 561 3515 τῷ
573 3438 624 3493 τῶν
640 3434 742 3493 παίδων
755 3436 879 3517 ὀδυρμῷ,
924 3434 1018 3517 ψήφοιν
1032 3433 1078 3493 καλ
1089 3438 1140 3492 τῶν
1156 3437 1325 3493 ἀπολυουσῶν
1338 3434 1464 3494 πλειόνων
1478 3438 1580 3511 οὐσῶν.)

80 3534 103 3573 τι
116 3524 217 3579 αἰτιᾶται
233 3524 269 3587 ῶς
283 3523 314 3579 ίκ
333 3525 380 3593 τῆς
399 3527 485 3603 φακῆς
502 3528 578 3581 τοῦτο
600 3521 748 3595 πεπονθὼς,
766 3522 812 3581 καί
834 3526 882 3583 οιίκ
964 3542 1013 3582 τινα.
1034 3526 1087 3579 ποῦ
1103 3519 1151 3579 ’σθ’
1164 3518 1256 3601 θδωρ;
1275 3510 1321 3588 Ὡς
1336 3519 1495 3601 παρειμένου
1511 3524 1590 3580 αὐτοῦ
1607 3522 1707 3603 ψωχρδν
1720 3552 1746 3591 ης

115 3608 139 3675 ἐξ
153 3608 212 3674 ἰδίας
225 3606 418 3689 προαιρέσεως.)
438 3606 518 3690 φησίν
531 3598 575 3667 σύν
594 3607 634 3667 ότι
648 3609 678 3667 τὸ
694 3613 781 3691 ῥοφεῖν
797 3616 881 3670 κακοῦ
924 3608 993 3689 ὕδωρ
1012 3610 1089 3667 αἰτεῖ.
1104 3606 1226 3685 (ἀκούσας
1241 3606 1292 3687 γάρ
1307 3606 1337 3665 τδ
1353 3607 1513 3688 έκπίφευγας
1528 3607 1707 3691 δΦιλοκλέων

116 3718 155 3767 μοι
167 3692 261 3772 ἐγίνετο
278 3694 371 3757 αἴτιον.
389 3694 542 3773 ήμύλύνθην
559 3692 594 3774 γά
624 3700 670 3767 τῆς
683 3700 775 3776 ὁρμῆς.
795 3696 879 3774 (ούδέ-
924 3694 1129 3775 ίλιποψύχησιν.
1150 3691 1210 3753 δσον
1223 3693 1275 3774 γάρ
1292 3695 1333 3752 ἀπ’
1351 3695 1423 3772 αὐτῷ
1436 3686 1469 3767 ήν
1489 3695 1705 3775 καταδικασθείς.)

115 3805 169 3839 ποτε
181 3782 227 3863 γάρ
237 3782 285 3854 τήν
297 3780 405 3861 γνύμην
420 3806 470 3861 μου
484 3783 567 3843 οὐδενὶ
581 3719 664 3857 είπον,
677 3787 700 3843 εἰ
717 3781 755 3861 μή
769 3788 824 3857 νῦν,
840 3784 880 3844 δτι
963 3802 1011 3843 ιιι.
1036 3782 1124 3859 (ὄντως
1135 3779 1265 3861 ἀπέφυγεν
1277 3800 1285 3840 :
1298 3780 1476 3855 ’λ’πεξελύθη,
1487 3780 1622 3861 γενάμινος
1633 3782 1705 3851 έκτδς

117 3868 231 3949 ἐρρόφησα
248 3868 296 3941 τήν
310 3874 406 3951 φακῆν.
424 3869 481 3948 άμα
496 3870 524 3929 δί
541 3868 641 3930 καθότι
655 3873 679 3929 οἱ
693 3872 820 3939 ι’σθίοντες
832 3871 880 3945 τήν
922 3870 1049 3952 τιμωρίας
1061 3875 1106 3928 τοῦ
1118 3866 1272 3948 φεύγοντος.)

79 3984 105 4021 τυ
117 3960 188 4034 φαιῆν
198 3955 347 4029 ἀόουλήτως
358 3956 499 4038 δακρύουσι
510 3962 607 4039 θερμῆς
618 3956 696 4030 ούσης
708 3959 809 4037 αὐτῆς.)
962 3978 1010 4017 νιν.
1035 3954 1184 4033 ξυνείσομαι
1197 3975 1204 4015 :
1220 3956 1340 4033 Συγγνῶ.
1363 3966 1426 4013 (θοι.
1718 3990 1745 4031 η.

152 4042 317 4124 (ἀπεδάκρυσα
336 4064 344 4103 :
363 4042 415 4104 Διά
431 4043 480 4115 τήν
495 4042 647 4124 θερμασίαν.
666 4044 812 4125 ἐδάκρυσα,
827 4069 878 4126 φη-
964 4062 1022 4102 ιιιοι.
1045 4041 1187 4121 (σύγγνωτέ
1204 4063 1249 4119 μοι
1267 4062 1275 4102 :
1290 4041 1337 4108 Ὡς
1349 4042 1417 4121 μίγα
1428 4065 1454 4101 τι
1466 4042 1592 4121 ἀτόπημα
1605 4041 1705 4124 πράξας

118 4128 159 4201 σίν,
173 4129 209 4187 δτι
221 4129 292 4210 παρὰ
307 4130 338 4189 τδ
354 4130 410 4198 ἔθος
423 4130 549 4203 ἐποίησα,
565 4130 583 4203 ή
600 4130 758 4211 ύπεχάλασα
771 4136 819 4205 τῆς
835 4136 879 4213 ὀρ·
923 4130 1091 4207 ἀπολογεῖται
1101 4138 1155 4196 τοῖς
1166 4133 1249 4206 θεοῖς.)
1285 4140 1292 4153 ‘

117 4219 157 4291 γῆς
167 4216 208 4273 καὶ
219 4214 324 4293 γνώμην
336 4216 404 4295 ἐμήν
415 4207 510 4294 εἶπον.)
964 4236 1022 4277 ιοοσ.
1046 4216 1102 4294 (έπί
1123 4217 1235 4290 δεῖπνον,
1258 4218 1294 4283 εἰς
1315 4214 1457 4294 ξυμπόσιον
1470 4237 1478 4278 :
1491 4215 1543 4278 Ἕν
1566 4220 1634 4276 ἐστιν
1656 4217 1702 4276 ἐπί

150 4300 244 4379 γνώμην
255 4303 341 4381 έμήνε
359 4302 417 4362 ἀντὶ
428 4309 473 4363 τοῦ
485 4302 553 4363 κατά
561 4302 668 4382 γνώμην
679 4303 755 4381 έμήν.
770 4318 798 4365 Ιι.
815 4318 877 4371 Vlct,
922 4303 1024 4363 δεῖπνον
1040 4305 1076 4371 εἰς
1094 4303 1248 4380 συμπόσιον.
1265 4300 1332 4361 οὕτω
1347 4301 1398 4383 γδιρ
1413 4304 1533 4377 ἐκάλουν,
1543 4302 1610 4362 ὥστε
1626 4302 1703 4381 μόνον

81 4416 106 4451 ιτ
151 4408 192 4449 ναι.
212 4390 333 4468 (χαλεπὸν
347 4388 443 4449 εἰδέναι
457 4410 465 4451 :
478 4392 537 4450 Οὐκ
552 4382 610 4450 οἶδα
625 4390 758 4471 ἀκριόῶς.)
921 4382 988 4449 εἶναι
1008 4390 1053 4449 τδν
1073 4380 1141 4449 οἶνον
1157 4389 1251 4463 κοινὸν,
1275 4386 1309 4447 τά
1334 4388 1458 4448 δδλοιπά
1476 4392 1570 4453 ἑαυτοῦ
1584 4390 1700 4467 κομίζειν
1714 4430 1742 4470 γ,

152 4496 193 4534 ιιι
213 4475 261 4553 (ἰπὶ
274 4475 307 4535 τά
323 4474 418 4557 βελτίω
433 4496 440 4538 :
457 4480 504 4545 Εἰς
517 4476 547 4535 τδ
564 4478 671 4549 έλεῆσαι
685 4478 786 4554 μᾶλλον
799 4476 816 4549 ἢ
831 4500 877 4537 κα·
921 4474 988 4535 οὕτω
1006 4474 1145 4547 κληθίντα.
1158 4474 1310 4534 πανθοινέαν
1331 4474 1358 4534 δέ
1375 4474 1473 4553 ἔλεγον,
1492 4474 1527 4542 ῶς
1545 4498 1623 4557 φησιν
1649 4478 1702 4537 Εὐ-

118 4564 260 4639 τιδικάσαι.)
920 4562 1034 4644 φρόνιος,
1046 4562 1124 4621 ὁπότε
1145 4564 1181 4629 τίς
1200 4561 1284 4620 κοινδν
1295 4562 1473 4631 κατατιθέντες
1491 4561 1526 4621 πθ
1545 4562 1702 4640 κομισθέντα

154 4666 194 4707 νιν.
211 4648 280 4719 τηνδὶ
294 4646 384 4708 λαθὼν
403 4650 451 4723 τήν
469 4654 554 4732 ψῆφον
574 4672 582 4710 :
604 4648 661 4721 Τὴν
679 4650 877 4731 τετρυπημένην
920 4652 1012 4709 δεῖπνα
1024 4648 1120 4717 πάντες
1133 4647 1289 4729 ἀπίλαυον.)

120 4735 182 4815 αὐτῷ
192 4734 295 4814 δείκνυσι
305 4738 399 4818 ψῆφον.
413 4736 458 4799 δύο
470 4737 519 4818 γδιρ
534 4740 658 4819 ἀμφορεῖς
669 4737 744 4810 είσλν,
759 4728 795 4795 ῶν
805 4742 819 4797 δ
829 4738 876 4816 μὲν
960 4756 1020 4797 1007.
1042 4738 1107 4795 κούκ
1120 4739 1270 4815 ἐγχανεῖται
1282 4755 1290 4795 :
1304 4736 1372 4813 (Οὐκ
1388 4734 1524 4814 ἕγγελάσει
1539 4744 1594 4808 σοι,
1610 4735 1699 4815 φησίν,

79 4845 106 4881 τυ
119 4819 194 4899 κύριος
209 4822 336 4899 λεγόμενος
354 4826 484 4903 χαλκοῦς,
507 4826 543 4892 εἰς
563 4824 591 4884 δν
609 4822 657 4895 τήν
676 4824 768 4905 κυρίαν
791 4828 876 4907 ψῆφον
919 4822 1119 4905 δΎπίρὸολος,
1132 4828 1198 4905 δρῶν
1213 4846 1242 4881 σε
1256 4822 1376 4881 ταπεινόν
1392 4846 1421 4881 τε
1438 4822 1484 4881 καλ
1496 4823 1597 4903 οἰκτρὸν
1611 4825 1641 4881 ἐκ
1653 4828 1700 4881 τοῦ
1711 4857 1738 4895 w

120 4905 227 4965 καθίεσαν
238 4911 260 4965 οί
270 4909 402 4984 δικασταὶ,
412 4910 430 4983 ἢ
440 4910 671 4983 καταδικάζοντες,
682 4910 700 4983 ἢ
711 4912 874 4981 ἀπολύοντες.
919 4910 1032 4978 δικάζειν
1052 4909 1098 4968 καί
1117 4914 1186 4990 τρεῖς
1206 4908 1312 4976 δόσλοθς
1330 4907 1476 4985 λαμόάνειν
1492 4908 1537 4967 καλ
1558 4909 1598 4967 ἀεὶ
1620 4909 1698 4969 πίνε-

120 4996 137 5049 δ
160 4990 183 5051 δὲ
203 4992 277 5073 ἕτερος
299 4994 408 5069 ξύλινος,
433 5002 469 5065 εἷς
490 4996 518 5055 δν
540 4995 587 5063 τάς
610 4996 719 5078 ἀκύρους
742 4998 874 5061 καθίεσαν.
920 5000 1001 5075 σθαι.)
1017 4996 1082 5077 ὑπὲρ
1098 5001 1145 5069 τῆς
1159 4996 1284 5077 πονηρίας
1297 4995 1325 5055 δέ
1340 4994 1502 5076 Ὑπερόόλου
1519 4996 1628 5077 τίρηται.
1644 4998 1698 5072 (καί

125 5079 327 5151 θπότεδδπάντες
340 5082 538 5166 διεψηφίσαντο,
554 5086 590 5151 εἰς
607 5084 652 5143 τὸν
665 5086 782 5163 χαλκοῦν
796 5085 875 5145 κάδον
918 5091 963 5145 νῦν
983 5084 1010 5144 δὲ
1033 5084 1108 5161 δλίγα
1128 5082 1347 5166 παραγράψομεν.
1371 5082 1516 5154 Ἀνδοκίδης
1538 5083 1602 5165 φησί
1615 5084 1697 5143 τοίνυν

122 5168 281 5243 διηριθμοῦιτο
300 5174 325 5229 αἱ
344 5175 441 5253 ψῆφοι,
464 5166 509 5229 καὶ
529 5170 696 5239 κατεδίκαζον
715 5171 762 5248 ’μὲν
786 5175 814 5231 αί
831 5196 873 5231 τε·
920 5202 930 5225 ιι
944 5170 1003 5252 περί
1023 5170 1185 5250 Ἱλτερύόλου
1199 5170 1283 5250 λέγειν
1299 5169 1466 5250 αἰσχύνομαι·
1478 5162 1509 5230 ού
1521 5174 1535 5229 δ
1549 5169 1597 5247 μὲν
1609 5163 1697 5251 πατήρ
