4100 6109
327 462 363 509 90
903 449 1101 509 SCHOLAA
1129 450 1170 508 ΙΝ
1202 451 1348 510 NUBES.

326 575 546 656 τρυγοδαίμονες.
539 576 600 633 .οί
618 573 692 632 ἄλλοι
706 571 827 650 κωμικοί.
845 566 890 632 063
891 599 914 632 03
933 573 983 654 γδιρ
1006 578 1033 634 έν
1050 584 1105 641 τοῖς

265 683 269 688 ·
326 662 519 740 ποιήμασιν’
490 664 575 720 αυτῶν
593 660 779 742 ἀνθριθπους’
757 665 860 738 εισῆγον
876 663 999 740 χέζοντιίς
1014 686 1043 720 τε
1061 664 1106 722 καὶ

327 749 402 829 ἕτερα
415 747 513 830 αίσγρδι
524 753 670 814 ποιοῦντας.
681 748 751 825 λέγει
765 749 793 806 δὲ
805 750 837 806 δι’
850 749 966 809 Εὔπολιν
978 774 1023 808 και
1013 750 1106 832 Apa-

328 846 394 895 τίνον
406 836 499 897 καὶ
460 860 519 903 τους
531 835 633 903 ἀλλους.
644 836 851 916 τρυγοδαίμονας
861 836 889 895 δέ
900 837 1004 904 τούτους
1016 839 1106 912 καλεῖ,

327 925 394 983 διότι
406 925 501 990 πάντες
513 927 537 982 οἱ
550 924 674 1003 κωμῳδοὶ
686 924 762 1005 τρυγλ
775 924 954 1006 ἀνηλείφοντο.
967 923 1013 1005 Ε.]

366 1031 415 1071 307.
437 1015 536 1088 σμῆνος
549 1013 649 1078 ἀοιδαῖς
661 1030 668 1071 :
681 1011 721 1071 Τὸ
738 1013 835 1083 πλῆθος
850 1016 903 1070 τῶν
922 1013 1062 1089 μελισσῶν.
1076 1024 1105 1070 A.

250 1124 258 1141 ·
327 1098 435 1180 [κυρίως
455 1095 503 1176 μέν
522 1098 552 1157 τὸ
568 1097 693 1176 σύστημα
706 1103 758 1156 τῶν
775 1102 916 1177 μελισσῶν.
936 1096 1059 1182 Ὅμηρος
1079 1099 1107 1158 δέ

328 1196 367 1259 [ΙΙ.
380 1201 412 1260 Α,
427 1195 477 1259 νιν]
490 1185 619 1268 κέχρηται
629 1190 662 1264 τῇ
672 1191 758 1268 τροπῇ
768 1186 813 1245 έπλ
825 1187 982 1265 εὐγλωττίας
993 1191 1107 1247 ἐπαινῶν

324 1275 369 1333 360
384 1273 513 1355 Νέστορα,

449 1392 491 1437 τοῦ
502 1405 543 1437 και
535 1388 601 1437 6336
612 1389 722 1450 γλώσσης
730 1387 820 1450 μελιτος
828 1388 929 1449 γλυκίων
935 1389 984 1452 ῥέεν
994 1389 1061 1446 αὐδή.

290 1457 391 1574 Ιυὅπερ
403 1491 498 1552 ἐστίν’
487 1492 579 1570 εσμός,
595 1515 671 1551 3003:
664 1490 715 1550 ’στι
733 1496 831 1569 σμῆνος
845 1495 897 1551 τῶν
908 1493 1108 1573 Ἀριστοφάνους

326 1580 410 1661 ιγιδων.

334 1579 437 1746 (3067.
459 1665 583 1744 παρθένοι
596 1665 775 1748 όμύροφόροιτ
795 1666 873 1745 [”ΙΙ
858 1667 960 1748 αντιγιδή
975 1667 1043 1740 αῦτη
1062 1691 1106 1728 του

243 1829 249 1844 .
326 1764 406 1834 χοροῦ
419 1753 512 1814 κιύλων
528 1753 597 1812 ἐστίν
611 1754 707 1830 ὁμοίων
721 1754 822 1834 τῇιξιδῇ
835 1755 936 1824 δεκαέξ·
947 1748 983 1814 63
995 1761 1009 1815 ό
1021 1757 1108 1815 σελευ-

290 1903 313 1941 15
326 1847 399 1908 ταῖος

450 1957 491 2005 καί
503 1959 583 2019 μοῦσα
592 1955 737 2019 βαρύῦφομος
748 1956 833 2006 αὐλῶν,

326 2060 370 2119 ἐπὶ
383 2063 422 2142 τῷ
435 2059 504 2120 τέλει
516 2061 562 2119 δύο
573 2061 676 2131 διπλαῖ,
690 2063 705 2118 ό
720 2058 768 2137 μέν
778 2062 837 2118 κατ’
852 2059 936 2140 ἀρχίις
949 2066 995 2120 τοῦ
1007 2061 1106 2137 κόιλου,

327 2151 345 2219 ή
367 2148 395 2206 δὲ
413 2146 483 2206 κατδι
499 2148 530 2206 τὸ
552 2147 633 2214 τέλος.
649 2146 695 2205 καὶ
707 2147 856 2256 ρἰμφότεραι
874 2147 924 2216 ἔξω
947 2152 1106 2258 νεγιυκιιῖαι,

326 2235 454 2307 δηλοῦται
469 2234 595 2302 ότιτέλος
611 2233 714 2315 6073
686 2257 721 2292 30
736 2234 922 2312 ἀποδιδόμενα.
937 2235 1052 2302 τὲινςδέ
1039 2241 1108 2304 ιεῖς

287 2322 358 2421 0τδ
379 2322 506 2405 παρθένοι
528 2323 657 2395 οτίζουσι,
679 2347 709 2381 το
696 2294 944 2400 παλίμόολον
909 2347 961 2382 των
984 2327 1108 2406 Νεφελῶν

288 2385 509 2518 ”’τταριστοίντερ
531 2411 637 2489 ἄμεινον
661 2412 688 2468 δὲ
713 2414 750 2477 εἰς
766 2421 797 2469 3'0
822 2407 986 2520 όμ6ροφόρρι
1003 2413 1106 2480 στίζειν.

326 2497 447 2578 ἪΑλλως]
459 2505 526 2558 ταῦτ
516 2500 606 2577 0067
620 2498 660 2578 ὐφ’
675 2497 702 2554 ἒν
717 2497 896 2574 ἀναγνωστέον
907 2499 986 2556 066'·
972 2501 1006 2564 ιἰς
1022 2498 1107 2558 ἐπίθε-

326 2609 370 2644 τον
382 2589 433 2644 τῶν
454 2584 620 2666 Νεφελῶν
596 2608 627 2643 το
642 2584 801 2666 ὀμόροφόροι
817 2589 861 2642 νῦν
877 2583 1030 2656 έκληπτέον,
1049 2585 1107 2644 ἀλλ’

327 2678 362 2740 ὡς
377 2673 509 2733 αὐτὸκαθ’
524 2673 588 2732 αὐτὸ
599 2682 720 2781 πραγμα
723 2671 862 2743 δηλοῦν.
847 2697 864 2742 η
879 2696 925 2730 και
939 2672 1045 2750 ἄμεινον
1060 2673 1107 2750 μέν

328 2761 413 2834 ἀνείη
426 2758 615 2830 ὐποστίζειν
586 2785 618 2838 με
621 2786 633 2818 ν
648 2762 684 2828 είς
697 2783 727 2818 το
714 2758 878 2844 παρθένοι,
893 2759 1062 2838 ζευγνυναι
1038 2780 1066 2819 ο
1078 2759 1107 2818 36

327 2847 397 2927 όμ6ρ
384 2848 528 2929 ροφόροι
498 2851 537 2906 τῶ
553 2850 629 2928 ἐπιφε
621 2870 696 2954 7073
684 2846 777 2927 ,’νιγι,
760 2835 794 2905 ἵν’
802 2837 976 2926 ᾖνοούμενον·
988 2846 1108 2924 ἔλθωμεν

328 2939 371 2994 έπι
361 2934 430 3007 τήν
445 2934 638 3007 Ἀθηναίων
604 2959 653 3013 γην
671 2906 826 3014 όμ6ρον’
795 2956 932 3012 γεμουσαι.
953 2957 999 2993 και
1021 2932 1072 3040 γδιρ
1085 2941 1107 2995 εί

327 3022 481 3126 ἀμφοτέρως
492 3027 509 3092 ή
522 3021 606 3080 ἔννοια
616 3020 772 3090 σώζεσθαι
758 3019 881 3094 ούναται,
893 3020 987 3080 ἀλλ”
963 3021 1107 3102 εὐφημότε-

328 3108 372 3189 ρόν
384 3112 454 3167 ἐστιν
467 3108 482 3167 δ
495 3132 558 3190 προε
547 3107 696 3219 ιρήκριμεν.
712 3107 776 3166 εἰσιν
790 3098 835 3166 οὐν
855 3065 883 3164 αί
895 3106 1010 3188 Νεφέλαι
1028 3110 1107 3170 πόλιν

287 3196 570 3305 30παρακελευόμεναι
581 3196 626 3254 καί
634 3220 724 3278 φασιν,
735 3196 795 3254 θ’λαι
805 3195 918 3276 ὐμῦρίας
926 3198 1011 3276 πληρι
1011 3203 1059 3256 ιθ
1038 3222 1107 3258 ισαι

326 3289 359 3363 τῇ
370 3288 423 3342 τῶν
434 3283 575 3357 Ἀθηναίων
589 3285 738 3360 έπιστῶμεν
752 3283 836 3344 πολιι.
852 3283 910 3354 ἡ““
885 3301 913 3342 σε
927 3285 1034 3358 τοιαύτη
1048 3287 1107 3346 δια-

326 3323 429 3443 06066‘
419 3371 560 3430 υπεναντία
574 3379 626 3438 τοῖς
638 3369 692 3428 ἀνω
701 3369 840 3448 γενήσεται
848 3372 1045 3482 προειρημένρις
1057 3375 1108 3434 ὐπο

325 3464 372 3517 τοῦ
385 3465 508 3531 ποιητοῦ,
521 3464 556 3526 ὡς
570 3460 607 3516 δει
596 3457 669 3525 363
686 3457 805 3540 Νεφέλας
820 3459 981 3518 τολοιπὸν’
956 3459 1055 3527 ευδίους
1072 3453 1107 3520 εί·

326 3569 383 3618 ναι,
394 3546 428 3604 δι’
440 3538 476 3605 ῶν
492 3545 559 3628 ἔφη,
575 3573 588 3597 ιι
603 3545 695 3604 ἀλλ”
680 3544 888 3621 ἀποσεισάμεναι
906 3546 997 3656 νέφος
998 3547 1108 3628 όμθριοι

326 3631 469 3699 ἀθανάταις
488 3633 528 3691 ἰδέ
528 3656 607 3700 αιςι
584 3630 773 3708 ἐπιδώμεθαι
762 3633 858 3711 ιπρός
871 3638 948 3693 τοῦτο
965 3625 1009 3692 οὐν
1024 3637 1108 3694 έκεῖνο

326 3719 480 3825 ἀγτιθετέον,
493 3717 524 3778 63
509 3742 534 3776 ·ι
549 3742 580 3778 το
567 3718 741 3797 συμ6αἴνον
752 3741 786 3776 τ
774 3742 837 3799 ρ
806 3717 870 3786 ,363
885 3718 1050 3799 Νεφέλας’
1022 3745 1107 3780 αινιτ-

325 3805 432 3884 τόμενος
449 3806 598 3880 όποιητλς,
610 3805 776 3884 παλίμ6ολόν
794 3829 853 3863 τινα
872 3830 917 3865 και
931 3807 1029 3866 παλίστ
1019 3831 1107 3890 ,ροφον

326 3894 435 3966 ἐποίησε
450 3892 498 3965 τήν
517 3893 627 4006 γνώμην
644 3896 740 3965 αὐτῶν,
758 3893 817 3952 ἔπει
833 3894 863 3952 ἔκ
883 3918 927 3952 τε
923 3900 1056 3973 -χειμῶνος
1073 3900 1108 3964 εἶς

326 3982 413 4041 εὐδίαν
424 3990 519 4063 χωρεῖν
533 4005 579 4039 και
593 4004 625 4039 αυ
610 3971 760 4039 '‘3660’'
734 4004 760 4049 33
771 3980 857 4050 εὐδίας
874 3982 1009 4062 χειμάζειν
1023 3983 1108 4065 πεφύ-

327 4093 399 4130 κααι.

366 4178 416 4218 ιοο.
437 4154 552 4238 λιπαρδν
563 4155 644 4235 χθόνα
657 4175 664 4216 :
678 4155 800 4236 Λιπαρδις
814 4156 921 4228 Ἀθήνας
932 4159 1017 4236 (οὐκ’
1002 4159 1108 4218 αττεικό·

326 4269 376 4312 τως
390 4245 514 4316 καλοῦσι,
531 4243 647 4320 μάλιστα
662 4241 710 4320 μέν
725 4243 771 4301 καὶ
784 4243 828 4300 636
848 4243 878 4302 36
898 4243 969 4312 δόξαι
985 4247 1107 4305 πλουτεῖν

325 4333 373 4441 τήν
386 4333 472 4404 πολιν,
486 4330 577 4390 ἔπειτα
596 4330 624 4390 δέ
640 4331 686 4390 καὶ
698 4329 742 4389 διὰ
752 4330 800 4402 τήν
811 4335 863 4389 τῶν
881 4331 988 4413 ἡμέριον
1004 4338 1106 4416 τροφῶν

326 4421 435 4502 εἰίρεσιν,
445 4443 501 4502 παρ
501 4409 594 4486 ”οίς
572 4443 607 4486 εις
622 4418 714 4478 ἔτι
672 4442 718 4477 και
729 4424 774 4477 νῦν
785 4419 816 4477 36
831 4420 992 4500 λιπαρόν
959 4445 1005 4493 της
1018 4421 1108 4490 ἐλαίας

301 4507 406 4613 1,φυτόν
417 4506 559 4566 δείκνυται.
617 4503 726 4573 ’.λλλως
742 4505 791 4578 τήν
805 4508 902 4578 εὐθαλῆ
918 4531 964 4566 και
975 4516 1043 4566 πασι
1062 4532 1108 4568 κο-

301 4590 428 4672 ’μῦμσαν
443 4619 488 4654 και
478 4594 586 4656 Πίνδα
589 4617 630 4676 ρος
641 4601 687 4666 [ίι.
700 4602 736 4666 ιο]
751 4585 797 4654 ιῶ
808 4618 852 4653 ται
843 4594 974 4676 λιπαραὶ
992 4595 1068 4654 καθ’
1054 4596 1109 4655 αοί-

314 4684 444 4759 ιδιμοι,
465 4618 603 4750 Ἑλλοίδοςρ
611 4681 735 4762 ἔρεισμα,
751 4683 852 4741 κλειναὶ
870 4681 1016 4742 Ἀθᾶναιι
1003 4683 1109 4742 ιιύαν-

327 4774 387 4851 ὀρον
410 4769 455 4843 δὲ,
480 4769 528 4842 τήν
551 4771 596 4829 ύπ
621 4769 733 4852 ἀρίστοιν
761 4773 861 4852 ἀνδρῶν
885 4771 1107 4853 παροικουμένην.

328 4857 491 4940 πολυήρατον
503 4858 545 4930 66,
557 4868 638 4917 πᾶσιν
655 4858 789 4941 6760733002
797 4858 989 4970 7-63330760.
1006 4863 1051 4926 Ιίίς
1061 4859 1109 4931 τήν

288 4947 431 5058 ωεὐγαιον
441 4945 490 5018 τήν
504 4945 629 5019 Ἀττικήν.
644 4949 680 5008 Θ.
695 4945 830 5028 Λαμπρδιν
844 4945 928 5005 διθι
900 4971 949 5020 την
960 4945 1051 5007 ἐλαίαν
1061 4947 1110 5020 τήν

288 5013 409 5092 b“060033
426 5035 493 5092 ἐν’
465 5039 576 5113 αυτῇΛι

367 5142 414 5180 αιι.
437 5121 590 5203 Κέκροποςε
597 5113 681 5190 06303
690 5122 814 5204 γάρτιιιν
810 5113 977 5196 Αθηναίων
959 5147 991 5194 ην
999 5125 1110 5203 αρχαιο-

330 5233 409 5289 γενος.
422 5212 456 5269 Θ.

301 983 313 1018 0

288 2818 314 2855 33

286 3685 312 3724 ³0

286 4140 313 4175 30

1192 574 1374 666 πολυήρατονῑ
1389 575 1499 635 Πόνυέι
1479 576 1629 655 επέριιστον
1638 577 1700 635 Θ.
1689 577 1830 657 ερασμίαν.
1845 596 1879 652 η’.

1190 685 1237 722 001.
1259 655 1403 730 0606603:
1417 661 1508 722 Ὅπου
1523 686 1550 720 σε
1540 662 1675 740 ’6ασμιί’
1664 663 1928 746 εστικαίάπόρρητα

1151 751 1293 833 μυστήρια.
1311 753 1369 810 λίαν
1383 752 1478 829 γὰρ’
1449 753 1535 817 αυτοῖς
1548 773 1578 808 το
1565 750 1663 827 μήέξ
1665 751 1839 829 αγγέλλεσθαι
1848 760 1930 811 ταῦτα

1150 839 1280 907 ε’σπουδιίζ
1265 842 1331 907 ζετο.
1344 837 1432 918 [ότιδέ
1439 837 1497 896 λίαν
1510 838 1669 907 ἐσπούδαζον
1676 861 1736 920 περι
1726 838 1778 898 36
1787 839 1932 921 μυστήρια,

1150 927 1228 996 δῆλον
1238 927 1268 983 ἐκ
1279 930 1324 983 τοῦ
1340 924 1507 1006 ψηφίσματος
1519 925 1686 1008 Μεγαρέων]
1943 955 1954 991 ε

1190 1032 1239 1072 τοι.
1262 1012 1419 1089 μυστοδόκος
1437 1011 1514 1090 δόμος
1532 1035 1539 1074 :
1558 1013 1690 1081 Μυστικδς
1703 1013 1749 1072 καί
1769 1015 1853 1094 ἱερὸς,
1873 1038 1931 1072 του-

1149 1096 1221 1158 τέστι
1232 1098 1291 1166 τούς
1306 1099 1405 1178 μύστας
1421 1101 1621 1182 ὑποδεχόμενος.
1635 1101 1705 1180 λέγει
1722 1100 1750 1160 δέ
1766 1103 1816 1173 τήν
1838 1103 1931 1162 Ἐλευ-

1151 1195 1218 1259 σῖνα,
1231 1186 1291 1246 ἔνθα
1304 1186 1337 1246 τά
1349 1188 1489 1269 Δήμητρος
1496 1188 1542 1247 καλ
1561 1189 1648 1270 Κόρης
1660 1191 1821 1248 ἐπιτελεῖται
1831 1191 1932 1267 μυστή-

1152 1298 1203 1355 ρια.
1218 1308 1258 1320 -—
1269 1274 1318 1383 τήγ
1332 1278 1471 1336 Ἐλευσῖνα
1481 1275 1551 1354 λέγει
1559 1274 1686 1350 μυστικήν
1696 1275 1823 1356 καίίεράν
1838 1277 1930 1350 οἰκίαν,

1150 1361 1196 1422 καὶ
1210 1361 1268 1428 3063
1282 1362 1383 1440 μύστας
1397 1361 1576 1442 δεχομένην.
1565 1387 1592 1421 εν
1606 1367 1673 1444 αὐτη
1656 1361 1737 1444 γθρ
1750 1361 1785 1422 36
1797 1364 1930 1444 μυστήρια
1947 1388 1968 1424 ιο

1150 1453 1197 1521 ιη”ς
1209 1450 1350 1532 Δήμητρος
1362 1449 1450 1509 καλ”
1419 1475 1464 1522 της
1480 1449 1566 1532 Κόρης
1575 1430 1718 1511 ἐτελοῦντο.
1734 1463 1781 1510 LB.

1190 1559 1237 1598 τοι
1259 1542 1285 1598 έν
1299 1539 1527 1617 τελεταῖςὰγίαις.
1541 1539 1804 1620 Ἐντελεσιονργίαις
1818 1543 1933 1600 ὁσιωτέ-

1089 1675 1106 1690 ,,
1150 1648 1220 1698 ταις,
1229 1625 1346 1685 τουτέστι
1357 1635 1410 1694 τοῖς
1419 1627 1579 1709 μυστηρίοις.
1592 1626 1707 1706 (εἰκότως
1718 1628 1746 1687 δέ
1755 1627 1803 1696 τιλς
1813 1629 1934 1710 Νεφέλας

1150 1713 1289 1794 παρήγαγε
1299 1717 1402 1796 πρῶτον
1412 1715 1620 1793 σεμνολογούσας
1632 1716 1692 1797 περί
1703 1720 1754 1776 τῶν
1767 1718 1932 1798 μυστηρίων,

1149 1799 1207 1858 ἐπεὶ
1221 1799 1309 1880 670006
1321 1824 1379 1859 τινα
1391 1801 1455 1882 πρός
1472 1825 1500 1862 τε
1512 1802 1559 1871 363
1576 1801 1635 1870 6363
1650 1802 1745 1870 ταύτας
1764 1803 1810 1862 καὶ
1827 1805 1889 1870 τούς
1902 1806 1933 1863 δι’
1948 1831 1967 1870 ιε

1151 1887 1231 1955 αὐτδις
1243 1889 1359 1970 καρπούς
1372 1889 1567 1967 τελειουμένους
1579 1889 1746 1966 οἰκειότητα.)
1767 1893 1791 1948 εἷ
1810 1891 1866 1970 γὰρ
1883 1897 1933 1950 τῶν

1073 1993 1076 2002 ‘
1151 1975 1198 2052 μέν
1213 1977 1336 2058 Νεφελῶν
1360 1976 1390 2034 36
1404 1976 1467 2049 ὖιιν,
1479 1975 1605 2036 ἀδύνατον
1618 1976 1645 2036 δέ
1663 1975 1780 2058 καρπούς
1802 1977 1868 2036 ἀνευ
1887 1977 1934 2056 ύμ-

1151 2063 1220 2143 6ρων
1233 2066 1367 2145 γεωργεῖν,
1384 2069 1439 2132 πῶς
1452 2067 1500 2126 οὐκ
1513 2067 1606 2132 οἰκεῖος
1619 2069 1633 2124 6
1644 2065 1704 2146 περὶ
1726 2068 1778 2123 τῶν
1793 2069 1862 2124 θεῶν
1879 2069 1933 2135 ταῖς

1152 2150 1281 2231 Νεφέλαις
1291 2150 1381 2232 λόγοις
1396 2153 1420 2211 εί
1434 2177 1464 2231 γε
1480 2153 1525 2213 καὶ
1537 2152 1580 2212 τόν
1597 2151 1705 2230 Ἴακχον
1718 2153 1864 2232 ἐχόρευσαν
1879 2156 1933 2221 ταῖς

1151 2245 1233 2311 θεαῖς,
1245 2241 1288 2314 (ὡς
1304 2238 1443 2318 ἹΙρόδοτος
1458 2249 1499 2317 70,
1522 2249 1559 2312 σε]
1576 2243 1689 2320 ἱστορεῖ·
1709 2241 1735 2297 ἐν
1749 2239 1802 2322 γάρ
1821 2245 1856 2319 τῇ
1875 2243 1934 2322 περὶ
1946 2267 1968 2300 ω

1152 2329 1292 2404 Σαλαμῖνα
1304 2328 1440 2408 ναυμαχίρ
1454 2329 1523 2388 κατὰ
1536 2327 1604 2386 πολύ
1619 2326 1779 2404 λειπομένων
1793 2330 1849 2385 τῶν
1867 2327 1932 2388 Ἑλ-

1151 2415 1235 2484 λήνων
1254 2419 1299 2474 τοῦ
1317 2416 1431 2487 πλήθους
1449 2421 1500 2475 τῶν
1515 2419 1653 2497 Περσικῶν
1670 2419 1734 2474 νεῶν
1751 2420 1932 2494 συμμαχῆσαι

1151 2509 1204 2568 τοῖς
1216 2501 1356 2574 Ἀθηναίοις
1372 2501 1420 2573 τήν
1432 2502 1575 2584 Δήμητραν
1588 2501 1634 2561 καὶ
1648 2501 1695 2572 τήν
1715 2503 1804 2582 Κόρην
1820 2505 1932 2583 ἱστορεῖ,

1152 2589 1274 2667 μέγιστον
1288 2594 1335 2660 τῆς
1349 2589 1503 2668 συμμαχίας
1512 2588 1707 2667 έπιδειξαμένας
1718 2590 1763 2648 καὶ
1774 2590 1933 2669 ἐναργέστα-

1151 2699 1195 2735 τον
1212 2674 1361 2757 τεκμήριον.
1375 2676 1523 2753 μελλόντων
1543 2674 1594 2758 γάρ
1615 2676 1705 2734 λοιπὸν
1724 2679 1776 2734 τῶν
1795 2677 1933 2746 Ἑλλήνων
1945 2699 1968 2736 τι

1152 2764 1196 2822 καλ
1207 2767 1259 2822 τῶν
1270 2763 1411 2844 βαρδιίρων
1423 2767 1459 2830 εἷς
1470 2765 1561 2844 χεῖρας
1578 2763 1660 2840 ἥξειν,
1672 2768 1776 2844 πρῶτον
1791 2762 1842 2841 μὲν
1857 2767 1933 2822 πλεῖ-

1151 2873 1212 2910 στον
1222 2851 1280 2910 6000
1290 2851 1422 2932 κονιορτόν
1436 2851 1489 2909 ἀπὸ
1498 2857 1545 2922 τῆς
1555 2851 1704 2917 Ἐλευσῖνος
1711 2851 1852 2932 αἰρόμενον
1861 2853 1934 2931 πόση

1151 2943 1184 3018 τῇ
1202 2947 1312 3020 στρατιᾷ
1324 2937 1473 3009 κατάδηλον
1485 2937 1615 3016 γενέσθαι.
1629 2929 1686 2998 εἶτα
1699 2943 1789 2998 τοῦτον
1802 2943 1840 3004 είς
1853 2941 1932 3020 οὐρα-

1151 3027 1193 3085 νόν
1206 3025 1311 3085 ἀνιόντα
1323 3025 1368 3086 καὶ
1382 3025 1519 3104 γενόμενον
1533 3025 1607 3107 νέφος
1619 3025 1661 3084 διδ
1675 3025 1754 3100 μέσου
1764 3031 1810 3085 τοῦ
1824 3049 1935 3107 στρατω

1151 3115 1230 3174 πέδου
1242 3119 1395 3196 χωροῦντα,
1405 3115 1448 3172 τόν
1461 3109 1570 3192 Ἰακχον
1584 3117 1656 3192 βοῦν.
1672 3111 1817 3190 μναιαδςδ
1826 3115 1923 3192 λόγος.)
1945 3143 1969 3180 :33

1190 3223 1238 3261 300.
1259 3201 1386 3282 οὐρανίοις
1405 3225 1433 3260 τε
1454 3205 1519 3267 θεοῖς
1540 3220 1547 3259 :
1569 3199 1639 3280 Πρός
1661 3200 1862 3272 ἀντιδιαστολήν
1885 3205 1936 3260 τῶν

1151 3289 1338 3398 καταγθογίιιιν,
1348 3280 1412 3358 ὧνή
1426 3288 1556 3368 Δημήτηρ
1570 3286 1614 3346 καλ
1630 3287 1715 3368 Κόρη.
1727 3287 1758 3346 τό
1771 3288 1936 3369 οὐρανίοιςδέ

1151 3382 1203 3434 θε·
1168 3401 1215 3443 -οις
1229 3375 1359 3455 ἐπήγαγεν
1371 3380 1419 3434 ύιτε
1422 3374 1585 3487 ρόριλλόντως
1597 3373 1692 3446 εὐσεόῆ
1707 3374 1865 3454 βουλόμενος
1879 3379 1936 3434 ἐπι-

1151 3463 1202 3532 δεῖξ
1204 3487 1255 3520 αι·
1246 3489 1287 3536 .·ην
1296 3465 1379 3523 πολιν.
1395 3463 1464 3522 αἱ
1435 3487 1481 3541 μεν
1493 3460 1544 3544 γδιρ
1556 3461 1730 3530 ἀλλαιπολεις
1742 3462 1779 3521 ἑνί
1792 3487 1845 3523 τινι
1854 3466 1936 3574 πρόρ-

1150 3575 1249 3610 κεινται
1269 3556 1348 3624 θεῶν,
1362 3550 1432 3610 αἱ
1406 3575 1433 3610 0
1452 3551 1556 3622 Ἀθηναι
1574 3549 1676 3618 πάντας
1693 3551 1741 3633 [ἀδ
1743 3551 1937 3633 ιαφόρως]τους
1949 3577 1971 3612 ιι

1151 3638 1222 3705 θεοὺς
1233 3641 1341 3717 τιμῶσι.

1191 3697 1368 3808 [δωρήματατ
1380 3725 1472 3806 Ηγδιρ
1483 3727 1598 3803 Δημήτη
1564 3725 1937 3832 τηραύτοιςτύνσῖτονέδωιιε,

1151 3838 1196 3873 και
1211 3816 1304 3886 Ἀθηνᾶ
1317 3813 1365 3886 τήν
1383 3813 1485 3892 ἐλαίαν,
1505 3815 1550 3872 καί
1570 3814 1704 3874 Ποσειδῶν
1725 3811 1847 3892 τρόπους
1871 3806 1937 3870 εἶναι

1151 3901 1184 3960 36
1197 3899 1321 3979 ναυτικλ,
1334 3900 1467 3961 καλᾶλλοι
1484 3901 1553 3960 ἀλλα
1573 3901 1669 3960 πιόντα.
1693 3897 1763 3970 Ιήτδι
1788 3900 1937 3980 δωρήματα

1151 3990 1205 4049 θε
1167 4013 1216 4057 οις
1229 3989 1287 4048 ἀντὶ
1298 3995 1342 4048 τοῦ
1352 3989 1438 4048 θυσίαι
1450 3988 1565 4061 νσητέον.
1578 3988 1662 4069 Vict.7
1950 4017 1973 4054 ιιι

1191 4098 1239 4138 300.
1260 4081 1308 4158 637
1312 4085 1424 4158 ρεφεῖςε
1442 4075 1566 4158 Υψηλοί.
1587 4078 1623 4136 Θ.
1645 4096 1690 4144 ιπ.
1715 4075 1820 4156 ὐψηλήν
1840 4077 1938 4157 ὀροφὴν

1151 4164 1263 4256 ἔχοντες
1284 4176 1346 4222 lect.

1192 4273 1239 4314 ουτ.
1251 4253 1306 4312 καὶ
1324 4249 1475 4332 πρόσοδοι;
1500 4254 1650 4333 Θρισκιιαι
1659 4273 1719 4331 περ
1738 4251 1798 4316 τοὺς
1817 4249 1937 4327 βωμοὺς,

1151 4343 1186 4424 733
1165 4339 1287 4422 πρόσοδοι
1302 4348 1353 4407 τοῖς
1366 4343 1446 4412 θεοῖς,
1458 4340 1504 4399 καί
1517 4338 1708 4419 προαελεύσεις.
1710 4338 1723 4416 7
1735 4373 1774 4384 —
1786 4337 1934 4417 πρόαοδοι;

1153 4427 1326 4509 Πανηγύρεις.
1338 4433 1373 4490 Θ.
1392 4439 1455 4486 Vici.
1470 4429 1556 4508 ἑορται
1569 4426 1614 4486 καὶ
1627 4425 1794 4506 πανηγύρεις.
1804 4437 1834 4484 A.
1847 4438 1878 4484 V.
1949 4459 1973 4498 ,ι

1194 4517 1264 4594 (300).
1275 4514 1426 4598 εὐστέφανοί
1437 4539 1465 4574 τε
1480 4535 1486 4574 :
1503 4513 1596 4595 [Παρὰ
1607 4513 1637 4572 36
1650 4512 1797 4594 Ὁμηρικόν
1806 4520 1846 4585 [ΙΙ.
1856 4526 1889 4584 Α,
1900 4519 1937 4584 30]

1215 4649 1234 4696 εῖ
1245 4649 1301 4696 ποτέ
1311 4663 1346 4696 τοι
1358 4648 1459 4711 χαρίεντ’
1471 4647 1508 4696 ἐπὶ
1519 4647 1574 4704 νηόν
1583 4645 1671 4709 ἔρεψα]

1153 4763 1231 4830 αὐτοι
1243 4770 1293 4851 γάρ
1307 4773 1371 4829 εἰσιν
1383 4773 1410 4829 αἱ
1427 4769 1581 4850 εὐστέφανοι
1594 4768 1698 4843 θυσίαι,
1713 4772 1822 4846 κοσμεῖν
1831 4766 1879 4844 μέν
1891 4765 1938 4824 καί

1153 4865 1294 4940 στεφανοῦν
1311 4856 1369 4925 3063
1383 4857 1472 4929 00063,
1489 4859 1605 4938 πληροῦν
1620 4855 1648 4916 δέ
1664 4856 1723 4924 τούς
1739 4854 1844 4936 βωμούς
1859 4857 1936 4934 ἱερῶν

1153 4971 1198 5006 και
1188 4945 1390 5024 θυμιαμάτων,
1402 4945 1465 5017 -υή
1476 4945 1516 5003 ότι
1526 4951 1778 5028 στεφανηφοροῦντες
1789 4942 1837 5010 363
1845 4941 1938 5006 θυσίας
1949 4985 1973 5022 w

1153 5034 1265 5094 έτελουν.
1277 5045 1346 5092 sunt.

1194 5121 1282 5181 θαλίαι
1296 5142 1302 5182 :
1317 5122 1504 5200 Εὐδαιμονίαν,
1517 5119 1632 5196 εὐθηνίαι
1640 5166 1648 5196 ,
1657 5121 1756 5198 ἀκμαί,
1768 5115 1936 5202 εὐφροσύναι,

1154 5207 1319 5289 πανηγύρεις.
1335 5222 1403 5271 Junl.
