4100 6109
1290 468 1433 480 Ἄ

1214 474 1623 504 Q

453 698 846 805 EXPLICATIO
883 702 1437 813 COMPENDIORUM.
1569 755 1574 765 ·

885 984 1018 1009 *¹*—
1032 1018 1036 1029 ’

338 1300 353 1403 (
381 1284 792 1405 )Hisparentheseos
827 1298 946 1403 signis
983 1324 1073 1404 quae
1109 1299 1258 1377 inclusa
1294 1300 1508 1406 leguntur,
1545 1303 1615 1383 ab·
1768 1354 1784 1411 ·.

471 1446 562 1507 sunt
579 1457 600 1506 a
619 1426 756 1507 codice
777 1430 1013 1507 Rauennate.
1049 1426 1192 1508 lisdem
1214 1429 1379 1539 quando
1398 1422 1615 1539 cinguntur
1647 1437 1650 1443 ’

473 1562 627 1638 numeri
639 1576 862 1657 'versuum‚·
876 1558 1024 1639 indicio
1044 1578 1101 1639 est
1120 1560 1296 1641 codicem
1315 1563 1463 1641 scholia
1488 1567 1529 1643 in
1548 1594 1616 1645 eos

469 1720 603 1769 versus
625 1720 707 1770 non
728 1690 896 1807 habere,
924 1692 998 1771 nisi
1017 1720 1107 1799 quae
1122 1667 1230 1771 forte
1242 1684 1541 1801 subjunguntur
1557 1724 1615 1775 se-

471 1840 609 1931 parata
630 1852 652 1901 a
670 1822 808 1902 ceteris
827 1840 867 1901 et
886 1822 1001 1901 litera
1018 1824 1066 1901 Il.
1087 1841 1234 1903 notata.
1254 1826 1407 1902 Desunt
1424 1842 1613 1933 praeterea

470 1954 824 2061 scholiaEquitum
838 1982 859 2032 a
875 1983 911 2057 v.
933 1957 1010 2033 21ss
1032 1982 1158 2063 usque
1175 1955 1378 2052 adfinem,
1398 1957 1520 2036 Pacis
1536 1986 1559 2035 a
1577 1986 1613 2034 v.

474 2086 570 2193 1039
590 2084 781 2194 usquead
798 2084 930 2183 finem,
947 2087 1094 2164 Avium
1112 2088 1189 2193 239
1203 2142 1251 2153 -
1267 2088 1363 2192 394,
1379 2088 1614 2186 Lysistratae

474 2218 549 2323 37ss
566 2218 720 2311 -ΔοΔ,
1191 2300 1197 2310 ,
1423 2196 1426 2200 ’
1725 2230 1732 2243 ’

337 2346 494 2458 []His
520 2350 631 2427 uncis
664 2376 753 2456 quae
783 2346 1110 2445 concluduntur,
1142 2347 1287 2427 absunt
1321 2376 1344 2427 a
1378 2347 1514 2428 codice
1536 2352 1614 2427 Ve-

474 2496 561 2557 neto
580 2510 597 2573 ,·
629 2481 722 2558 item
759 2479 908 2559 scholia
940 2506 1127 2557 versuum
1161 2506 1336 2587 quorum
1372 2481 1528 2559 numeri
1553 2482 1615 2560 iis-

470 2608 561 2688 dem
587 2612 814 2715 cinguntur.
838 2609 1183 2704 Acharnensium,
1216 2610 1610 2705 Ecclesiazusarum,

473 2742 511 2819 T
508 2742 975 2850 hesmoplzoriazusarum
1021 2758 1062 2819 et
1094 2742 1329 2844 Lysistratae
1355 2741 1505 2821 scholia
1532 2770 1614 2821 non
1759 2736 1765 2748 ’

471 2874 603 2953 habet.

336 2994 493 3078 {Illis
530 3004 643 3077 uncis
680 2996 892 3105 duplicatis
929 3022 1018 3104 quae
1059 2994 1421 3102 circumdedimus,
1468 2993 1615 3074 absunt

468 3130 518 3207 ab
545 3148 718 3237 utroque
741 3110 898 3223 codiee,
924 3128 1149 3205 Rauennate
1172 3134 1284 3235 aeque
1312 3153 1357 3205 ao
1383 3126 1543 3205 Veneto.
1565 3128 1615 3204 lis

468 3262 586 3367 signis
618 3288 700 3341 non
728 3279 812 3340 erat
850 3286 952 3367 opus
987 3258 1056 3337 ubi
1085 3258 1349 3337 subscribitur
1386 3256 1509 3336 codex
1543 3260 1615 3367 qui

470 3392 654 3499 praebuit.
1126 3384 1130 3391 ¹

337 3524 385 3601 R.
414 3522 549 3601 Codex
569 3523 787 3600 Ravennas.

337 3657 386 3733 V.
414 3654 549 3733 Codex
565 3656 740 3733 Venetus
757 3652 1001 3749 (Marcianus
1020 3654 1098 3757 [174
1108 3654 1133 3754 ).

335 3786 387 3863 G.
417 3783 551 3864 Codex
564 3782 740 3892 ejusdem
756 3782 1008 3861 bibliothecae
1023 3783 1232 3860 Mareianae
1245 3781 1334 3885 475.
1347 3782 1383 3859 ls
1401 3763 1612 3889 plerasque

468 3920 611 4025 glossas
634 3916 774 3995 breves
791 3944 874 4002 non
893 3914 1033 4013 babet,
1060 3915 1102 3992 in
1127 3912 1285 3993 scholiis
1305 3931 1436 3992 autem
1449 3914 1501 3991 ita
1515 3940 1610 3991 con·

467 4050 584 4128 sentit
610 4076 701 4126 cum
726 4048 906 4141 Veneto,
941 4062 985 4125 ut
1011 4043 1231 4152 prudenter
1255 4043 1471 4123 dissensum
1489 4041 1610 4121 modo

470 4174 667 4260 notaverit
697 4177 939 4259 Dindorfius.

336 4320 389 4400 Θ.
418 4311 555 4391 Codex
578 4312 832 4390 Florentinus
857 4308 1147 4387 Laurentianus
1163 4334 1277 4412 2779.

347 4446 385 4523 Γ.
414 4442 550 4522 Codex
570 4440 743 4550 ejusdem
764 4438 1017 4519 bibliothecae
1038 4437 1166 4544 plutei
1183 4438 1312 4533 31,15.

338 4575 390 4653 M.
418 4572 553 4653 Codex
580 4568 882 4651 Mediolanensis
902 4567 1185 4647 Ambrosianus
1203 4568 1249 4664 L,
1266 4566 1328 4670 39.

340 4708 382 4783 1..
398 4702 547 4784 'Codex
567 4701 767 4782 Leidensis
786 4702 997 4779 Vossianus
1015 4700 1247 4805 Lysistratae.

282 4844 381 4919 Bar.
401 4835 544 4915 Codex
569 4835 828 4914 Baroccianus
844 4834 916 4929 38,
937 4830 1113 4938 ejusdem
1138 4829 1367 4933 Lysistratae.

339 4974 384 5047 A.
414 4966 549 5046 Codex
566 4967 764 5045 Parisinus
787 4964 903 5069 regiae
924 4962 1176 5041 bibliothecae
1198 4957 1362 5037 membr.
1378 4984 1492 5052 27¹²·

335 5102 375 5180 B.
404 5096 540 5178 Codex
559 5096 734 5203 ejusdem
759 5094 1012 5173 bibliothecae
1031 5092 1155 5171 chart.
1178 5094 1294 5195 2715.

337 5232 383 5311 C.
413 5228 547 5310 Codex
566 5226 739 5335 ejusdem
760 5226 1011 5305 bibliothecae
1034 5226 1156 5301 chart.
1178 5248 1284 5319 27¹7.
